2086 3682
133 128 223 225 400
423 62 551 221 Calpur
587 96 682 193 VII.
813 132 816 137 ·

135 275 267 372 ginta:
304 262 416 349 alium
443 292 501 342 an.
531 288 639 361 1437.
664 263 842 343 substituit
864 265 997 367 [lluglt

133 369 251 470 Beigh
271 366 489 443 Parthorum
516 370 764 463 Indorumque
791 367 899 440 Rexa
924 389 997 441 ow

134 491 227 543 vum
254 488 351 540 anno
381 473 486 540 1600.
509 466 641 564 Tycho
672 466 720 539 de
743 467 883 541 Brache
905 488 994 541 con·
1018 522 1021 527 -

136 562 249 641 didit=
277 563 460 664 sexaginta
485 565 587 639 annis
613 560 692 665 poli
716 564 768 637 ad·
788 564 995 667 hucusque

47 672 55 719 ‘¹
136 685 306 764 tempora
336 662 426 753 fixas
461 661 648 738 inlocum
679 660 740 737 fibi
770 666 996 743 convenius

136 784 214 840 tem
239 761 396 838 restituit
417 762 607 839 Hevelius.
658 762 694 835 Si
721 785 787 860 per
808 762 914 863 plura
932 765 995 838 ad.

135 864 220 939 huc.
237 860 355 940 lecula·
380 861 521 936 mundo
545 858 721 961 superstiti
751 859 822 936 elie
846 860 996 952 licebit,-

135 963 227 1040 alios
253 958 416 1036 coelelles
442 958 571 1061 globos
596 959 765 1035 interris
790 962 993 1038 machinari

76 1106 79 1115 ’
125 1060 367 1237 lll'oellae
395 1054 993 1235 ulripiulsliriillt

134 1282 212 1337 non
233 1208 366 1360 procul
391 1283 415 1334 a
435 1254 522 1356 polo
532 1253 679 1331 Attico
703 1184 992 1361 remota’dquim

89 1372 93 1383 ’
135 1358 350 1435 variationis
373 1357 485 1454 hujus
509 1378 639 1454 expers
664 1357 768 1431 haud,
789 1356 852 1432 est.
891 1360 992 1435 Nam

136 1458 183 1535 ab
216 1456 420 1558 Hipparchi
456 1478 500 1530 ac
532 1455 724 1531 Ptolomaei
764 1460 992 1574 temporibus

136 1559 183 1636 ab
208 1554 338 1632 occasu
369 1556 407 1630 in
433 1575 556 1630 ortum
588 1553 727 1654 semper
763 1578 881 1632 mars
919 1580 991 1633 ma·

134 1659 271 1758 gisque
308 1655 355 1728 ad
408 1652 458 1727 oli
486 1648 664 1751 pontium
688 1673 796 1729 motu
822 1574 887 1732 fito
911 1680 992 1757 pro·

136 1757 218 1858 prio
240 1676 417 1828 accessiile
440 1749 511 1826 fuit
535 1750 779 1851 deprehensa,
811 1775 947 1855 utpote
969 1781 992 1832 a

28 1924 31 1935 ‚
137 1877 214 1954 quo
253 1874 328 1927 non
369 1850 533 1951 pluribus
574 1874 686 1951 quam
727 1851 844 1928 tribus
879 1857 992 1933 modo

138 1953 311 2055 gradibus
333 1950 467 2039 distat,
497 1950 649 2027 dimidio
673 1950 787 2026 lolum
813 1954 913 2031 circa
933 1979 992 2030 ao·

136 2076 230 2128 num
264 2052 394 2126 Mundi
433 2050 501 2141 (st
528 2051 668 2124 tamdiu
694 2052 907 2137 duraturus*
922 2052 991 2149 fit)

138 2163 232 2238 228
245 2174 322 2240 203
354 2151 594 2250 quadraginta
619 2149 755 2249 septem
781 2174 873 2226 vero
897 2154 993 2228 circa

139 2272 293 2327 annum·
308 2272 322 2320 1
338 2265 481 2339 5000,
510 2248 532 2321 fi
558 2248 646 2323 fides
661 2249 811 2325 Tabulis
831 2251 991 2328 Pruteoi·

140 2351 213 2440 cis,
233 2345 354 2422 rursus
377 2348 422 2423 ab
449 2372 495 2425 eo
520 2349 753 2424 removenda.
796 2351 803 2361 “
965 2350 969 2363 ’

222 2546 399 2620 Saturnus
428 2544 657 2621 planetarum
687 2545 874 2646 supremus
904 2546 992 2624 obli·
1035 2530 1037 2563 ⁵

112 2718 116 2728 s
141 2668 217 2746 quo
242 2640 509 2743 lentiffimoque
532 2665 640 2719 motu
665 2642 823 2735 secundo
849 2649 992 2741 incede·

92 2746 98 2752 ’
139 2745 352 2820 revidetur
382 2744 428 2818 ab
454 2738 582 2816 occasu
613 2745 652 2818 ln
675 2765 798 2820 ortum
825 2746 930 2839 iuxta
954 2744 993 2821 ii·

140 2851 298 2944 gnorum
323 2843 460 2927 leuem,
484 2842 718 2941 inaequalibus
744 2865 869 2921 tamen
894 2841 993 2947 paffi·

141 2943 234 3029 bus,
268 2945 319 3017 ita
351 2938 612 3038 utaliquando
638 2961 812 3043 appareat
834 2945 908 3021 elie
929 2968 993 3021 ve·
1033 2958 1037 3029 ἐ

140 3040 231 3127 lox,
257 3036 336 3138 post
361 3040 504 3126 tardus,
529 3062 617 3116 mox
643 3066 687 3118 ac
712 3041 736 3116 s1
760 3043 887 3129 staret,
911 3064 990 3120 tum
1030 3050 1037 3141 l

139 3138 260 3230 ,veluti
281 3136 309 3215 st
333 3141 606 3234 retrocederet5
647 3164 728 3244 quae
760 3162 885 3223 tameo
909 3145 991 3220 ioae·
1028 3166 1034 3211 ι’

906 3266 989 3345 asa·
1029 3258 1032 3263 ·
