2086 3682
214 154 522 248 Architeiiom'ca
549 156 756 248 Militant.
859 190 944 279 307

86 321 246 416 ferrent.
307 324 353 395 Et
374 322 492 397 statim
514 320 726 420 postpulsos
744 323 946 397 inexilium

86 424 217 520 ‘Reges
246 419 382 494 Consul
402 424 588 495 Romanus
612 443 707 493 anno
734 422 780 493 [Ι.
805 424 849 497 G
881 426 946 497 du·

96 518 291 594 eentefimo
316 519 611 619 quinquagesimo
640 517 795 593 secundo
815 521 945 597 Came·

95 621 194 693 rinos
213 638 493 717 oppugnaturus
518 619 666 691 Arieter
691 615 946 718 &knlarpro-

96 715 257 803 tulin&
284 720 379 790 omni
398 740 526 832 genere
550 715 774 889 oppugnandi
796 718 842 808 est
859 717 946 810 ufies.

95 820 186 911 Non¹
204 818 353 913 inquam
376 818 612 914 video,que1
669 816 749 889 raeci
774 817 946 891 Romanis

95 914 261 1009 in'huius
278 914 418 988 inventi
440 916 638 988 certamine
665 912 732 987 ssnt
746 913 946 989 anteferen-

94 1014 141 1087 di.
197 1015 313 1111 Igitur
336 1014 374 1086 in
397 1016 468 1087 hac
489 1037 527 1085 re
552 1014 750 1085 admodum
774 1015 883 1087 dubia
907 1012 947 1087 il·

93 1111 155 1186 iud
170 1110 372 1186 vetofimiie
385 1113 634 1185 machinarum
654 1136 674 1182 a
697 1108 811 1198 Mose,
835 1132 876 1184 ut
896 1113 948 1185 di·

92 1212 234 1297 xinius,
255 1213 485 1284 inventarum
512 1212 549 1283 dt
570 1207 801 1282 ab·1sraeiitis
820 1212 945 1284 adver·
1033 1220 1038 1229 “

94 1308 149 1384 sus
177 1308 334 1411 gentiles
352 1309 595 1393 adhibitarum
621 1306 723 1381 usum
750 1310 795 1381 ab
816 1310 946 1383 iisdem

92 1408 504 1509 posteapropagatum,
535 1410 580 1481 ab
602 1407 757 1482 Oriente
780 1408 818 1480 in
834 1408 946 1483 Occi·

93 1508 241 1581 dentem
273 1530 420 1605 quoque
450 1502 656 1606 pervasrffe,
689 1505 728 1578 &
757 1531 778 1580 a
806 1507 947 1581 Graecis

92 1630 136 1679 ac
159 1607 332 1723 Romanis
355 1603 456 1680 fuisse
488 1606 631 1705 magnis
660 1600 808 1679 autrum
831 1607 945 1682 incre·

91 1722 239 1779 mentis.

166 1898 277 1999 Juvat
306 1923 404 1975 nunc
433 1900 613 1999 inquirere
633 1902 669 1974 in
699 1902 837 1977 diversa
870 1928 943 1979 ma·

91 1996 283 2074 chiuurum
305 1999 449 2071 istarum
478 2023 632 2095 genera,
659 2022 738 2094 quae
768 2002 803 2072 in
831 2003 944 2075 Vete-

90 2114 175 2173 rum
218 2097 467 2172 monumentis
507 2094 576 2168 fine
610 2097 738 2168 ordine
769 2097 945 2195 descripta

91 2196 154 2273 vei
176 2196 300 2295 potius
314 2193 465 2294 dispersa
480 2195 627 2267 invenio
643 2220 653 2263 ε
673 2196 868 2267 commode
882 2214 946 2269 ve·

90 2318 133 2371 ro
148 2282 202 2369 ”in
222 2314 381 2394 quatuor
406 2290 528 2399 claises
547 2292 649 2367 distin
677 2292 714 2364 ui
742 2289 841 2390 poise
864 2316 945 2366 cen·

90 2392 177 2469 seo:
218 2394 389 2467 nimirum
415 2394 542 2491 prima
573 2392 627 2464 cia
671 2413 687 2464 s
725 2391 845 2464 estad
871 2392 944 2466 eiu·

90 2488 272 2567 standum·
290 2492 328 2565 in
351 2515 477 2566 muros
503 2492 692 2575 adhibita,
723 2490 779 2562 uti
815 2489 943 2580 scalae,

90 2588 336 2675 Tollenones,
367 2588 582 2665 Testudines
608 2589 647 2662 &
678 2587 826 2661 Turres.
888 2588 944 2662 Se·

90 2686 206 2765 cunda
231 2688 396 2761 continet
420 2710 481 2762 eas
494 2735 507 2774 ,
541 2688 672 2787 quibus
697 2687 796 2760 urbis
821 2685 946 2760 defen.

91 2788 189 2865 sores
214 2784 495 2861 infestabantur:
524 2783 681 2870 fundas,
720 2783 944 2882 catapultas,

91 2886 247 2963 balistas.
293 2884 354 2958 Ad
384 2882 543 2958 Tertiam
568 2886 753 2982 pertinent
772 2881 850 2967 ina,
866 2884 945 2979 qui·

90 2988 158 3062 bus
191 3004 273 3057 tum
306 2981 352 3056 ad
376 2981 510 3056 milites
537 2982 722 3055 moenibus
752 2980 945 3077 adpropin-

92 3106 247 3185 quantes
274 3083 543 3180 protegendos,
574 3100 655 3153 tum
680 3078 725 3151 ad
756 3076 945 3153 cuniculos

92 3184 255 3285 agendos
282 3184 486 3255 utebantur
508 3181 699 3252 Veneres:
734 3194 778 3247 ut
806 3197 944 3263 crates,

137 3287 701 3365 um1m.uonesnt1n.1x..
754 3277 801 3349 ,Π
891 3277 945 3350 vi·
