2086 3682
92 168 175 288 148
287 266 291 271 ,
433 163 561 286 Caput
594 161 645 257 V
641 163 679 255 i·
962 282 964 289 Ι

88 339 163 411 hoc
197 331 391 409 advitam
429 329 685 409 &sanitatem
721 350 797 404 non
830 326 952 406 'minus

85 428 286 509 necessario
309 430 523 524 adjumento
539 429 623 511 ferri
642 450 774 530 queat,
802 431 951 505 audien·

86 536 145 607 dae
169 533 270 633 prius
295 528 378 603 sunt
403 529 516 604 ambae
542 548 863 630 partesfquarum
880 555 952 625 una

56 699 59 704 .
88 638 301 733 proaqua,
329 625 443 702 altera
475 651 543 726 pro
574 630 663 704 vinu
687 625 756 704 stat
763 675 787 717 ,·
813 629 950 727 quevis

89 752 186 805 veru
208 726 357 825 majoris
379 723 598 802 salubritatis
623 726 732 802 incise
770 727 850 809 vim
873 744 950 828 per÷¹

47 842 50 847 ’
89 828 240 903 suadere
274 844 451 914 conatur,
479 825 710 926 cauffamque
740 825 867 901 clienti
889 824 951 919 suu¹

90 927 286 1003 uMedico
320 924 491 998 tribunali
531 925 729 1020 adjudicari
763 925 950 1001 desiderat.

77 1020 182 1121 ‘Qui
207 1044 311 1125 aquae
348 1027 627 1124 praerogativam
667 1025 859 1114 tribuunt,
895 1027 950 1113 his¹

88 1143 247 1199 utuntur
273 1126 525 1223 argumentiss
549 1133 677 1222 Aqua,
703 1126 889 1222 inquiunt,
901 1122 968 1210 est,

115 1243 202 1298 otus
227 1223 397 1296 humanat
424 1241 562 1297 naturae
582 1222 687 1298 velut
710 1226 948 1323 congenitus,

87 1248 128 1397 g,
151 1316 225 1420 prae
248 1320 419 1396 omuibus
434 1323 593 1399 maxime
615 1323 853 1398 couveniens.
879 1316 948 1398 lm'·

87 1422 181 1497 tium
204 1421 296 1499 vita·
315 1413 466 1495 bominis
487 1445 579 1522 apua
605 1418 651 1497 ἓν
666 1423 785 1521 punis.
818 1425 870 1499 ait
890 1424 949 1499 Sa·

114 1523 201 1619 iem.
225 1521 307 1615 (a)
356 1521 471 1596 Certe
495 1522 532 1593 in
557 1520 719 1620 paradiso
743 1520 841 1595 nulia
855 1516 949 1609 vini,

86 1545 148 1694 fed
175 1641 355 1718 aquarum
382 1618 668 1707 scaturientium,
687 1620 774 1706 Nili,
794 1618 948 1720 Gangis,
973 1701 977 1708 ,

38 1720 42 1733 ’
85 1718 267 1818 Tigridis,
300 1717 339 1790 δι
376 1716 571 1816 Euphratis
600 1721 743 1794 mentio
776 1721 978 1793 occurrit.

87 1813 227 1913 Quudfi
254 1813 463 1897 universum
488 1836 669 1891 tetrarum
707 1817 835 1892 orbem
862 1840 947 1893 ocu·

86 1912 132 1990 lis
156 1912 343 2015 subjicere.
357 1914 527 2004 velimus,
545 1915 656 1999 solam
681 1914 759 1992 fere
782 1940 881 1990 nunc
896 1918 945 1991 in·-

85 2016 279 2090 veniemus
304 2015 516 2113 Europam,
550 2034 694 2113 partem
721 2016 818 2091 orbis
844 2016 948 2091 mini·

56 2126 209 2200 ‘marn,
241 2114 278 2187 ἃ
304 2137 350 2188 ne
387 2138 535 2190 omnem
562 2117 710 2213 quidem
738 2117 947 2214 Europam,

86 2214 151 2288 ubi
177 2213 305 2286 vinum
332 2211 478 2311 erescit,
519 2214 666 2311 reliquis
691 2236 796 2288 terrae
822 2213 948 2290 incolis

87 2313 147 2387 vei
171 2336 266 2408 aqua
291 2309 467 2410 simplice,
497 2311 558 2385 vel
585 2335 670 2386 cum
704 2314 847 2402 herbis,
885 2333 949 2389 aut

86 2410 397 2511 frugibus·,·mixta
420 2407 615 2509 'coiiaque
653 2414 865 2505 contentis,
907 2432 949 2487 ut

87 2512 158 2586 hac
182 2507 324 2583 ratiune
350 2530 444 2608 aqua
472 2511 560 2584 ficut
586 2512 687 2584 omni
713 2511 869 2585 aliorum
895 2515 946 2586 vi·

86 2610 254 2686 ventium
279 2608 413 2707 generi,
433 2612 482 2683 ita
509 2612 620 2683 etiarn
646 2612 784 2684 homini
803 2635 870 2710 pro
885 2637 947 2711 po·

87 2727 144 2783 tu‘
163 2706 358 2783 constituta
397 2708 467 2783 eiie
499 2711 678 2785 videatur.
757 2717 789 2784 A
822 2713 947 2810 paucis

87 2810 184 2883 enim
208 2831 282 2881 non
309 2807 400 2882 bene
431 2831 561 2882 norma
594 2810 758 2905 quaedam
789 2813 835 2882 ad
869 2812 949 2884 uni·

87 2907 294 2983 veritatem
318 2906 519 2992 derivatur,
546 2906 740 3005 praesertim
765 2932 881 3006 quum
903 2929 945 2984 ex

86 3004 144 3078 his
176 3005 480 3105 paucis'piurimi
513 3006 705 3079 hominum
737 3010 814 3080 vini
849 3010 942 3105 maio

64 3103 152 3190 ,usu
183 3106 454 3204 extinguantur.
525 3105 637 3181 Porro
664 3103 829 3196 constat,
864 3125 942 3182 ante

97 3251 100 3255 ἢ
167 3297 233 3379 (⁸)
264 3291 445 3380 uectem.
891 3230 942 3280 ca·
