2086 3682
105 272 108 280 Ι
271 134 581 279 Arciirr'iirrrira
600 152 759 248 civilis<
877 123 993 253 m„

103 318 262 417 (nempe
294 336 339 391 ut
363 317 515 393 Cornei.
540 345 560 391 a
587 320 725 419 Lapide
749 320 963 417 contendit,

102 420 204 516 aquei
228 416 339 490 iibras
370 437 520 492 centurn
548 418 593 495 &·
611 417 793 519 sexaginta
818 424 962 519 millia)

101 538 146 591 eo
172 514 267 603 fine,
295 518 578 592 ursacerdotes
605 542 736 592 manus
760 544 804 594 ac
829 526 961 621 pedes,

99 615 274 716 quoniam
300 616 408 689 nudis
431 619 586 715 pedibus
611 616 805 694 ministeria
819 621 856 695 in
867 638 960 698 tem·

97 713 158 813 plo
187 734 370 788 exercere·
393 715 602 803 debebant,
632 742 729 816 aqua
765 719 849 793 inde
874 745 960 820 pro.

98 811 237 888 fluente
263 812 462 901 abluerent.
515 818 706 891 Diameter
730 816 822 893 vafis
847 820 959 914 hujus

97 916 226 988 decem
251 914 476 989 cubitorum·
497 912 570 989 fuir
603 936 624 991 a
649 915 746 990 labio
775 914 960 1017 usquead

95 1011 252 1098 labium,
285 1008 345 1085 seu
380 1014 426 1086 ab
449 1037 529 1093 una
550 1015 763 1113 peripheriae
792 1035 960 1095 extrema

95 1132 199 1212 parte
225 1112 270 1185 ad
296 1110 448 1185 aiteram
476 1115 510 1187 ei
534 1112 764 1211 oppofitame
796 1114 957 1191 altitudi-

94 1236 140 1286 ne
167 1235 259 1287 vero
289 1212 452 1310 quinque
477 1213 621 1287 cubitos
642 1210 818 1315 aeqrrabae
870 1216 960 1307 Hoc

94 1308 340 1384 sustentabant
366 1311 561 1386 duodecim
582 1314 703 1407 ¹boves
737 1333 784 1387 ex
808 1336 877 1390 aere
901 1311 956 1391 fa·

94 1406 269 1497 brefarii,
299 1406 393 1485 facie
419 1412 465 1484 ad
489 1430 650 1512 quatuor
675 1413 804 1487 mundi
827 1414 954 1516 plagas

94 1507 276 1585 conversa.
315 1510 502 1609 ¹Medium
528 1513 711 1588 interioris
735 1514 817 1586 atrii
842 1538 954 1589 occu·

93 1608 197 1708 pavit
234 1630 296 1682 ara
321 1606 544 1697 holocausti,
573 1611 684 1712 longe
712 1611 831 1709 major
860 1609 951 1703 illa,

48 1749 53 1767 ·
92 1722 205 1807 quam
229 1704 357 1801 struxit
381 1706 532 1798 Moses3
569 1734 653 1785 nam
689 1711 821 1812 viginti
852 1714 953 1789 cubi·

91 1827 152 1881 tos
178 1804 310 1907 longa,
345 1808 499 1880 totidem
526 1807 625 1898 lata,
651 1810 853 1908 decemque
877 1812 952 1891 aira

90 1904 224 1980 fu'erat.
290 1908 458 1982 Exterius
485 1912 641 1997 atrium,
677 1914 779 2007 ‘quod
804 1913 951 1990 Raririca

89 2026 244 2106 quoque
269 2026 313 2079 ac
338 2007 505 2080 Porticus
531 2007 736 2080 Salomonis
763 2009 951 2084 aS.Scr1·

115 2127 201 2179 tura
224 2122 400 2181 vocatur,
433 2101 559 2201 populi
586 2110 635 2176 ire
666 2100 802 2175 diiium
829 2104 950 2189 estad
1004 2170 1007 2177 .

89 2128 270 2280 iacrificir
281 2199 501 2279 confluentis
520 2199 598 2273 usui
624 2198 840 2274 destinatum
856 2223 952 2293 erat,

89 2302 187 2379 ultra
216 2304 317 2403 quod
348 2302 518 2403 progredi
551 2301 597 2375 ad
627 2300 799 2375 interiora
829 2303 952 2377 eidem
989 2342 992 2351 ·

90 2426 166 2479 non
199 2400 316 2476 licuit.
382 2403 557 2499 Qraruor
590 2397 792 2499 magnificis
831 2402 952 2500 portis

91 2520 254 2601 quatuor
284 2502 412 2575 mundi
437 2502 563 2602 plagas
588 2497 860 2597 respicientibus
893 2504 951 2577 di·

92 2600 349 2694 stinguebatur,
367 2624 521 2698 quarum
547 2599 793 2674 Meridionalis
812 2600 850 2673 ἃ
868 2601 946 2679 Oc·

93 2700 280 2776 cidentalis
305 2699 422 2798 plebi,
450 2698 651 2773 Orientalis
673 2723 764 2774 vero
792 2696 854 2773 soii
873 2725 949 2871 Ka.

94 2800 194 2875 rebat
224 2801 392 2897 Principi.
464 2797 549 2871 Hoc
578 2799 616 2871 in
641 2798 734 2873 arrio
761 2795 869 2898 sugge
902 2822 948 2875 us

92 2899 204 2975 stabat
228 2921 276 2973 ex
299 2921 368 2971 aere
395 2894 522 2983 fusus,
559 2916 633 2971 tres
657 2897 801 2970 cubitos
827 2897 948 2986 altus,

90 3002 252 3099 quinque
276 2996 410 3096 longus
448 2996 486 3069 &
509 2995 633 3082 latus,
665 2996 704 3068 in
739 3019 813 3094 quo
846 2995 947 3071 Salo·

87 3123 176 3174 mon
201 3119 331 3197 preces
356 3095 550 3182 fundebat,
585 3096 656 3170 toti
682 3092 820 3192 populo
858 3117 947 3169 con·

87 3192 266 3301 spicuus.¹
298 3195 375 3291 Qri
399 3192 501 3292 plura
525 3196 572 3266 de
597 3193 772 3293 adparatu
796 3192 835 3268 ὅ(
851 3190 940 3268 sum·

90 3372 94 3385 ,
139 3301 673 3395 rm.10nr.nounsae.141p‚1)e
767 3289 806 3377 O
845 3316 868 3373 “,
896 3291 965 3407 ῐίχ
