2086 3682
109 151 112 156 -
233 112 286 215 n
315 111 465 204 nnn
500 52 692 225 natum.
739 80 742 93 '
876 143 903 228 ι)

42 304 142 356 ‚vero
170 278 333 354 numeris
360 278 396 352 in
423 279 650 353 harmoniam
682 279 907 368 concinnatis

53 380 254 479 progenuit
291 377 493 462 Muficam‚
533 399 613 475 quae
659 397 907 479 temptanti·
939 442 943 447 .

54 479 233 578 quasdam
259 497 365 551 notas
399 477 436 549 &
459 479 628 551 [unorum
658 477 907 576 interpolatio·

54 602 117 651 nes
153 580 206 651 ita
233 577 412 677 partitur,
446 593 489 649 ut
517 575 563 650 ad
597 576 694 650 idem
732 597 806 652 tem
835 582 907 653 oris

53 676 210 777 spatium
243 674 659 774 diversae-respondeant
691 603 905 753 modusstio·

53 800 145 863 nes,
180 798 395 871 vocumque
416 794 619 849 concentus
647 775 685 848 &
708 777 909 852 harmonia.

54 876 167 951 Porro
191 897 238 948 ex
260 875 493 974 quantitatis,
519 893 631 971 prout
653 878 842 973 materiam
858 876 912 951 af·

56 972 153 1061 ficit,
178 972 464 1048 confideratione
488 995 531 1046 ac
553 970 779 1046 mensurandi
797 973 909 1051 facul·

56 1093 132 1148 tate
158 1094 243 1147 nata
266 1071 317 1146 est
343 1093 424 1144 tum
448 1071 705 1170 Geographia,
730 1096 807 1170 quae
826 1099 911 1172 par.

57 1193 113 1248 tes
136 1173 235 1248 orbis
256 1191 435 1260 terrarum
459 1171 637 1257 metitur,
664 1190 743 1245 tum
763 1173 911 1279 ilydru-

54 1270 236 1373 graphia‚
269 1294 351 1370 quae
388 1293 593 1371 aquarum,
650 1271 805 1371 raecipue
838 1294 913 1361 ma·

55 1374 124 1456 ris,
152 1370 265 1470 spatia
278 1369 481 1457 mensurat,
504 1390 585 1451 tum
612 1293 811 1463 geodaefia
828 1394 909 1472 quae

56 1469 253 1547 solidorum
275 1493 355 1569 aequ
394 1469 475 1543 aeli
504 1468 673 1544 uitiorum
689 1471 806 1546 moles
825 1471 908 1546 alia·

81 1594 128 1644 ue
153 1569 314 1669 pondera
336 1493 454 1740 “Regi
521 1592 583 1641 um
609 1588 731 1644 vocat.
782 1572 911 1665 Quan-

53 1594 103 1742 30
131 1688 259 1744 autem
290 1687 398 1741 conte
438 1668 592 1766 piationi
619 1668 671 1742 rei
704 1689 849 1764 quantae
878 1668 919 1744 se

55 1764 89 1842 se
116 1767 299 1868 impendit
326 1789 390 1866 per
420 1763 580 1865 figuras,
611 1763 752 1843 colotes
785 1793 829 1842 ac
853 1794 911 1843 ra·

60 1869 140 1942 dios
173 1866 350 1942 facultate
384 1864 480 1941 visus
510 1866 767 1966 attingendus,
801 1868 912 1968 Opti·

57 1990 138 2040 cam
157 1966 195 2040 &
212 1961 486 2067 Perspestivam
501 1985 545 2037 ut
564 1984 711 2049 uocant,
724 1969 910 2063 produxit.

55 2066 145 2140 Non
176 2069 297 2139 minus
321 2064 639 2163 Trigonometria,
665 2085 746 2157 quae
777 2062 911 2164 figuras

58 2165 178 2238 tribu's
214 2161 354 2265 angulis
387 2173 468 2234 tum
501 2159 616 2258 planis
646 2176 727 2232 tum
761 2148 911 2259 spaericis

55 2261 282 2353 terminatas*
305 2258 487 2337 resolvere
519 2259 662 2333 docet:
703 2258 912 2347 Chromin,

55 2362 142 2462 gia,
181 2385 263 2461 quae
309 2383 355 2435 ex
392 2357 557 2433 mensura
593 2356 716 2432 cursus
755 2352 918 2439 coelestit

56 2481 204 2562 tempus
227 2459 471 2545 determinat,
498 2457 536 2531 ὅ(
559 2455 809 2549 Gnomonica‚
827 2462 917 2563 quaej

54 2582 118 2659 per
146 2561 315 2635 umbram
351 2557 444 2633 Solis
469 2557 507 2631 ὅ(
531 2557 669 2659 Luuaei
700 2557 809 2634 horas
835 2561 907 2634 diei

57 2683 99 2735 ac
123 2655 244 2734 nostis
271 2656 407 2760 fignat‚
441 2679 487 2730 ex
517 2655 689 2728 mensuris
724 2656 761 2728 &
787 2682 913 2733 nume·

56 2761 129 2847 ris,
162 2780 323 2857 quorum
350 2756 532 2830 scientiam
557 2755 774 2830 Geometria
803 2756 841 2828 &
865 2761 910 2827 A·

55 2858 268 2932 rithmetica
292 2852 548 2936 subministrat,
575 2874 699 2929 ortum
725 2852 825 2924 suum
846 2853 907 2925 du-

54 2978 150 3033 xere.
204 2955 340 3029 Eadem
354 2955 587 3050 reliquarum
614 2947 820 3026 Matheseos
839 2948 917 3064 spei

56 3058 226 3143 cierum‚
261 3054 307 3128 de
338 3055 470 3152 quibus
502 3050 628 3151 postea
661 3049 777 3123 sermo
813 3070 913 3136 erit,

55 3158 181 3233 ordine
220 3151 360 3231 diverso
400 3175 444 3227 ac
475 3150 712 3252 proportione
750 3148 913 3322 interase

104 3282 112 3307 ·-
429 3255 507 3343 A5
771 3248 836 3344 jun
869 3272 909 3326 aa
