2086 3682
147 142 230 201 rto
479 48 606 233 Caput
636 107 715 201 JV

143 276 309 376 ptionem
340 276 376 349 in
402 274 510 374 plano
548 275 755 361 exhibent,
788 273 826 348 ὅ(
858 262 1003 349 vastissi·

143 398 244 447 mum
272 375 372 448 hunc
397 376 548 473 globum
586 372 646 451 vel
679 393 799 472 partes
836 372 931 448 illius
964 375 1003 450 in

144 472 315 572 angustos
354 476 463 548 unius
513 475 727 550 alteriusve.
746 471 822 548 folii
866 470 1002 548 limites

143 597 217 646 non
237 575 384 647 minore
409 571 597 661 artifinio,
635 596 744 672 quam
779 571 998 670 compendio
1018 618 1024 627 ·

141 670 377 746 transierunt.
455 673 523 746 Hae
551 694 596 747 ut
626 674 696 746 rite
721 666 1000 761 ¹conficiantur,

140 773 186 845 ad
210 773 279 844 tria
304 794 377 868 prae
403 772 552 861 cae'terin
576 772 628 846 rei
661 789 849 845 momenta
882 788 1001 847 atton-¹

110 938 112 943 .
140 889 222 944 tum
243 868 313 944 effe
333 868 601 970 Geographnm
626 889 799 969 oportet:
828 868 1016 967 primumi

139 970 331 1042 utomnia
360 969 443 1044 loca
477 971 524 1044 ad
548 973 750 1070 praecipuo‘s
780 970 815 1041 in
838 965 909 1041 iilis
933 972 1001 1044 cir-¹

121 1069 265 1156 oculos,
292 1092 425 1167 nempe
448 1070 496 1143 ad
520 1073 782 1170 AEquatorem,
807 1064 999 1143 Paraileios

140 1168 178 1241 &
205 1169 428 1245 Meridianos
464 1169 516 1243 ita
543 1187 771 1267 componat,
807 1184 852 1238 ut
888 1166 1032 1242 talem

138 1266 244 1339 fitum
272 1266 311 1340 &
334 1264 539 1340 distantiam
565 1262 776 1364 acquirant,
801 1263 998 1360 qualemin

138 1367 213 1463 ipro
239 1363 394 1438 terrestri
421 1363 533 1462 globo
567 1365 612 1437 ad
638 1362 718 1458 ejus
745 1363 900 1438 circulos
935 1366 997 1441 ob·

138 1471 288 1536 tinent:
317 1464 475 1548 deinde,
513 1483 557 1535 ut
582 1464 617 1535 in
645 1463 920 1536 determinanda
944 1488 997 1543 re·

137 1565 289 1662 gionum
331 1561 551 1660 singularum
591 1564 842 1662 magnitudine
881 1586 924 1636 ea
959 1565 996 1639 in

137 1663 304 1760 mappis,
338 1684 418 1758 quae
442 1662 479 1734 in
506 1660 636 1737 tellure
664 1663 852 1760 proportio
879 1660 996 1737 obser·

66 1812 67 1816 η
136 1782 284 1853 vetur:
337 1763 498 1834 Demum
533 1784 576 1835 ut
609 1761 691 1834 ioca
722 1760 1015 1858 quotlibetase.

98 1871 104 1879 '
136 1863 296 1934 invicem
320 1861 371 1933 ita
398 1858 563 1947 distent,
598 1882 776 1955 quantum
804 1861 841 1930 in
864 1861 992 1939 eadem

135 1959 278 2035 tellure.
329 1959 416 2033 Tria
438 1961 516 2033 haec
538 1979 581 2032 ut
596 1984 641 2043 ex
656 1960 729 2058 ipso
744 1957 846 2030 fonte
868 1981 994 2055 petan-

134 2064 208 2145 tur',
220 2057 370 2132 Tabulae
388 2057 524 2132 consuli
542 2059 689 2144 debent,
702 2054 824 2156 paffim
842 2056 994 2160 inlibris

135 2159 277 2245 obviae,
306 2161 343 2229 in
367 2160 499 2255 quibus
514 2158 605 2231 locis
633 2157 775 2254 fingulio
799 2157 993 2256 iongitudo

134 2257 349 2331 &latitudo
367 2255 663 2331 observationum
681 2255 929 2350 frequentium
955 2256 993 2341 ἃ
1031 2258 1034 2263 ’

134 2375 389 2431 accuratatum
416 2376 487 2450 ope
513 2354 756 2425 determinata
773 2351 991 2448 adsignatur.

133 2453 459 2550 Qtemadmodum
512 2474 602 2525 vero
649 2471 752 2524 terrae
791 2449 990 2555 'descriptio'
1028 2530 1032 2537 ,

131 2556 202 2629 aiia
227 2551 278 2625 est
302 2530 498 2623 univerfini
536 2550 651 2624 totius
673 2550 770 2626 orbis
793 2551 993 2651 imaginem

131 2648 310 2735 referens,
337 2672 495 2748 quaeque
517 2651 663 2751 propria
688 2650 749 2723 fibi
774 2673 870 2725 voce
890 2652 991 2739 Geo·⁴
1030 2674 1039 2753 j

128 2750 281 2851 graphia
300 2767 554 2849 nuncupatur:
572 2749 641 2833 alia
658 2747 905 2849 particulatim
937 2752 992 2825 in·

41 2893 51 2935 .·
129 2870 272 2950 tegnam
289 2848 387 2937 orbis
404 2869 559 2949 partem,
571 2867 614 2920 ut
632 2850 827 2948 Europam,
836 2848 908 2924 ἃς.
923 2868 990 2926 aut
1016 2856 1020 2865 '

127 2953 317 3049 regionem
337 2947 446 3023 iatius
467 2967 671 3046 patentem,
684 2968 739 3047 utm
753 2946 990 3046 Hispaniam,

128 3048 380 3131 Germaniam,
393 3047 462 3120 &o
480 3041 705 3143 spetiandam
720 3048 896 3146 praebens‚
906 3071 989 3146 quae

128 3145 411 3255 Chorographia
448 3145 616 3253 dicitur:
659 3146 730 3225 alia
783 3145 989 3260 fingnlatim

263 3307 266 3313 .
608 3296 613 3302 ,
812 3266 985 3346 exiguam
