2086 3682
439 98 590 230 Diam
864 165 958 256 <153

86 359 88 362 ⁴
203 337 253 404 Ac
271 321 352 437 bane
372 323 537 412 dilutum,
547 321 701 418 sttlie'ns,
723 319 961 441 moderamine

429 445 603 539 sumtum.
622 536 625 543 ,

107 597 222 694 Quod
245 618 336 672 vero
362 596 545 697 praecipue¹
569 596 615 670 ad
640 593 801 684 diaetam,
816 595 962 696 qualem

97 696 289 774 hocloco
316 695 644 783 commendandam
669 695 822 797 suscepi,
851 699 962 794 perti.

104 815 199 884 net,
224 795 275 871 est
300 815 344 871 ut
368 795 682 893 quemadmodum
713 797 750 869 in
776 796 878 882 cibo,
908 798 961 872 ita

91 896 149 971 .&
163 898 199 969 in
217 918 309 996 potu
333 896 474 974 vitetur
498 896 683 992 quantitas
707 896 837 970 debitat
859 920 962 971 men·
998 938 1002 945 ·

91 995 199 1069 'surae
225 995 314 1070 fines
342 990 547 1084 exdedens3
580 993 680 1068 secus
705 996 803 1069 enim
829 1020 964 1095 augen·
1000 1026 1002 1032 ’

108 1115 172 1170 tut
196 1096 370 1169 humores
392 1091 555 1193 sanguini
580 1091 884 1192 supernatantes,
912 1097 967 1170 ni·

95 1196 303 1294 minuique
316 1193 521 1312 ¹implentur
545 1212 647 1269 venae
655 1243 666 1280 ‚
698 1193 758 1270 vel
783 1193 853 1283 alia
884 1193 970 1270 vasa

109 1297 292 1373 humoris·
319 1293 429 1389 hujus
468 1294 721 1392 impatientia,
761 1293 970 1369 stomachus
1022 1313 1024 1317 ·

110 1390 310 1479 flaccescit,
335 1393 582 1492 ate-sanguinis
607 1414 733 1468 motus
757 1394 968 1494 impeditur.

111 1495 226 1568 Potus
257 1496 383 1591 itaque
415 1494 497 1566 cibo
523 1491 714 1575 admensus
739 1491 808 1567 effe
835 1492 969 1579 debet,

93 1616 226 1689 ¹quum
252 1595 308 1665 uti
336 1593 395 1667 hic
418 1592 464 1665 ad
486 1594 720 1680 nutriendas,
753 1595 806 1667 ita
833 1590 897 1671 iste
922 1591 969 1666 ad

63 1688 374 1768 .-uumeuandas
420 1691 584 1790 torporis
619 1709 743 1792 partes
770 1717 820 1779 a
838 1710 971 1765 natura

111 1792 306 1888 exigatur,
339 1793 392 1867 ita
414 1812 459 1866 ut
483 1794 592 1867 unius
614 1813 727 1892 -aeque
752 1815 796 1867 ac
821 1789 971 1871 alterius

113 1888 336 1970 abundantia
360 1889 402 1961 stt
426 1893 565 1983 noxia„
598 1892 688 1970 Haec
713 1894 759 1967 de
786 1910 877 1989 potu
892 1890 995 1975 uni-¹

112 1982 216 2062 verse
250 1979 345 2057 diua
380 1978 542 2057 sufficere
556 1984 713 2081 ‚possent
731 2011 742 2069 ;
758 1991 884 2079 ,juvat
904 1998 969 2060 vta-

113 2108 201 2162 men
227 2082 410 2181 speciatim
436 2083 603 2180 quadam
623 2084 838 2183 adjungere.
892 2087 977 2159 Mea

113 2188 188 2262 rito
214 2183 429 2280 rejiciuntur
455 2207 477 2255 a
503 2182 657 2255 Medicis
683 2184 766 2257 vina
792 2184 896 2269 nimis
912 2209 969 2281 ge·

113 2283 240 2360 nerosa
273 2284 311 2358 dc
335 2282 463 2371 calida,
481 2304 561 2382 quae
586 2282 787 2356 incendunt
804 2281 971 2370 :¹dulcia,

114 2406 196 2484 quae
211 2383 430 2484 sanguinem⁴
448 2378 625 2482 opplent:
654 2381 865 2482 sulphurea,
893 2400 974 2482 quae

115 2484 263 2560 acidum
279 2485 472 2561 humorem
488 2502 724 2583 promovent,
736 2503 868 2559 nervos
887 2482 974 2575 coit·

115 2582 318 2682 stringunt,
346 2581 457 2656 fibras
477 2577 675 2669 afficiunt,³
689 2581 731 2656 &·
752 2582 790 2656 in
815 2581 976 2656 arthriti-

86 2740 89 2745 .
116 2683 202 2757 dem
228 2682 462 2782 degenerant.
514 2678 709 2776 Ceravifia,
735 2680 797 2754 ubi
813 2677 974 2755 muitum

115 2780 356 2880 lupulorum‚
397 2778 500 2855 fumo
525 2779 655 2878 itnpiet
678 2799 816 2878 caputa
859 2778 975 2855 dulcis

116 2904 188 2955 nec
212 2880 261 2953 sat
285 2878 504 2955 fermentata
528 2877 754 2954 stomachum
781 2879 819 2954 δι
841 2877 973 2952 intesti·

105 3004 167 3055 -na
192 2979 379 3066 debilitat,
406 2976 587 3077 flatusque
612 2999 789 3079 generat:
817 2976 974 3063 fortium

86 3126 90 3135 .
116 3079 182 3154 ubi
204 3080 356 3151 nimium
387 3077 570 3176 polentae,
603 3077 809 3177 plethoram
841 3075 977 3166 affert,

88 3230 91 3235 -
117 3201 315 3280 rerumque
347 3201 422 3254 uon
456 3178 548 3251 bene
582 3175 976 3280 digestarumexitum

488 3277 562 3372 Κ).
601 3380 606 3409 ¹
841 3326 847 3393 p
892 3297 978 3378 pro·
