2086 3682
110 98 197 219 230
364 54 368 59 ’
434 80 566 212 αμα
587 80 703 184 'nr‘
719 79 728 157 i

110 267 278 364 tingunta
292 260 438 337 mitiora
452 256 679 334 conveniunt
689 254 864 332 membris
877 278 960 359 prae.-

105 360 353 446 llantioribus,
370 358 508 434 acriora
523 354 814 457 ignobilioribus:
834 358 872 433 dr
884 380 962 458 quae

110 459 194 535 sunt
214 461 287 534 acri
304 457 402 534 sensu
423 458 582 558 praedita,
593 455 775 531 hebetatis
799 457 966 558 indigent

107 559 291 639 remediis.
341 556 458 632 Probe
481 574 605 632 autem
621 556 823 629 notandum
840 557 961 644 venit,

121 660 128 671 σ

107 678 176 830 per
190 655 299 734 solam
316 674 432 730 artem
445 675 634 754 nunquam
648 670 825 754 agrotum
841 655 879 729 in
890 676 960 730 me·

125 758 239 830 iorem
265 773 331 829 aut
351 751 536 854 pristinum
559 751 689 827 statum
710 751 875 840 restitui,
894 752 962 830 led

40 888 46 902 ·
107 853 184 931 hoc
204 851 436 949 postmodnm
464 872 602 926 natura
627 849 804 941 beneficio
822 852 862 926 dr
878 852 962 929 viri·

106 950 203 1037 bus,
228 973 319 1048 quas
343 947 488 1049 depulsa
503 952 540 1023 vi
554 951 670 1025 morbi
684 948 805 1024 sensim
824 952 960 1039 exerit,

106 1049 160 1124 est
175 1046 463 1149 relinquendum.
506 1049 618 1124 Porro
632 1050 879 1123 remediorum
893 1049 959 1126 alia

74 1150 90 1241 ¹.
106 1145 202 1235 sunt,
213 1170 296 1246 qua:
310 1144 506 1235 evacuant,
515 1146 642 1247 aliqua
651 1146 883 1235 solummodo
898 1150 959 1222 im·

105 1266 265 1321 mutant.
319 1245 524 1322 Posterioris
548 1246 690 1346 generis
715 1244 775 1321 seu
799 1249 959 1323 exterius

104 1342 168 1420 seu
208 1344 359 1420 interius
396 1346 661 1432 adhibeanmr‚
694 1347 787 1446 parti
823 1343 959 1422 affeuae

53 1487 62 1497 -
103 1465 216 1541 quam
267 1446 407 1520 roxime
438 1442 689 1544 fierispotest,
719 1441 956 1544 adplicentur.

102 1541 213 1618 Unde
229 1468 377 1644 lcaput
392 1541 956 1645 stt‘purgandumpexpeditiiltma

102 1643 166 1716 v'ia
197 1642 268 1717 erit
298 1664 362 1743 per
402 1665 524 1720 nares,
560 1665 626 1738 per
655 1665 716 1729 os,
763 1667 827 1743 per
859 1647 955 1718 occi·

100 1757 181 1838 pue
219 1742 267 1829 ¹Si
281 1737 407 1839 pestus
419 1736 514 1812 male
535 1735 706 1815 affeuum
723 1740 774 1830 sit,
788 1740 960 1819 laxentur

97 1836 180 2010 pori
196 1835 235 1912 ἃ
248 1833 398 1936 maligni
414 1836 591 1913 humores
605 1861 671 1940 per
691 1838 858 1916 sudorem
873 1864 955 1959 pro·

114 1936 280 2011 iciantur.
330 1937 486 2034 Hepati,
511 1938 719 2012 ventriculo
745 1939 783 2014 dc
807 1943 960 2015 renibus

96 2034 261 2110 lauandis
300 2038 568 2111 medicamenta
610 2059 676 2135 per
722 2060 764 2119 os
806 2039 953 2125 demilla

95 2147 207 2231 opem
261 2134 444 2209 raesentem
478 2133 653 2210 adferent.
708 2137 856 2211 ‘Parum
893 2163 952 2214 au·

95 2247 173 2305 tem
192 2158 258 2307 vel
269 2233 357 2307 nihil
384 2235 451 2306 hac
471 2234 506 2306 in
521 2257 561 2308 re
579 2233 748 2334 proficiet
763 2237 951 2327 Medicus,

20 2418 25 2429 ι
84 2351 285 2406 »αηατοιηεε
309 2330 454 2406 scientia
473 2332 677 2407 destitutus.
724 2332 878 2435 Triplex
890 2360 954 2411 νε·-

83 2448 136 2504 ‘ro
150 2431 347 2504 methodus
363 2430 413 2506 est
427 2432 630 2506 evacuandi
649 2454 797 2529 corpus,
815 2432 951 2511 subtra-

91 2527 278 2629 hendique
307 2531 496 2604 materiam
530 2551 774 2628 peccantem:
810 2535 950 2630 primus

91 2627 225 2729 absque
246 2626 341 2702 illius
356 2647 461 2701 motu
486 2628 523 2702 &
539 2630 749 2731 agitatione,
767 2651 811 2706 ut
833 2631 875 2706 fit
895 2635 948 2707 su·

91 2727 226 2816 dando,
237 2724 559 2814 scarificandnuc.
610 2727 715 2802 Alter
728 2752 803 2828 quo
817 2733 947 2807 bumo-

89 2848 149 2902 res
170 2828 382 2928 impraeceps
397 2825 472 2899 dati
490 2827 729 2914 emittuntur,
760 2846 804 2902 ut
826 2828 869 2904 fit
908 2850 948 2905 er

89 2923 283 3001 senionem
304 2947 407 3001 venae
425 2924 463 3000 δι
490 2923 563 3000 alvi
583 2927 854 3026 purgationem,
914 2953 946 3004 c.
994 2931 999 2938 “

24 3050 27 3057 ’
88 3023 248 3113 Tertius,
262 3048 376 3126 quum
395 3023 467 3100 alio
493 3022 657 3105 derivare
671 3043 827 3124 oportet
842 3028 946 3103 mali·

86 3144 181 3224 gnos
196 3127 387 3212 humores,
402 3147 482 3225 quae
498 3143 639 3223 partem
655 3123 811 3224 aliquam
830 3129 948 3226 perti·

86 3224 213 3302 nucius
228 3223 403 3316 obfidcut‚
420 3245 463 3301 ut
482 3220 525 3298 lit
541 3221 744 3301 adhibendo
759 3228 943 3343 cauteria,

888 3347 941 3402 m·
