2084 3698
150 174 245 294 Cap.
262 171 377 264 VIII.
398 171 650 267 Wriomorb.
658 203 815 289 genera.
845 201 929 265 201

76 338 171 441 ¹(lere
211 336 409 426 constitui,
438 337 644 413 uberiorem
677 336 855 426 Medicis,
889 339 937 414 ad

83 460 181 536 quos
202 439 360 534 pertinet
377 439 567 535 negotium
590 439 689 527 hoe,
716 436 937 535 explanatio·

84 560 169 631 nem
194 532 395 611 relicturus.

161 670 260 740 lnter
295 665 503 742 affectiones
540 667 684 767 malae,
716 666 939 766 morbosque

87 769 216 865 capitis
250 770 406 866 primum
442 765 565 839 locum
601 767 744 841 obtinet
773 766 938 862 ejusdem

87 863 227 952 Dolor,
260 868 321 964 qui
346 865 368 938 st
392 889 519 945 recens
544 889 587 939 ac
613 864 703 941 levis
726 863 855 951 fuerit,
880 888 938 939 ce·
978 938 982 945 ,

87 963 291 1063 phalalgia:
320 964 342 1037 st
366 986 565 1038 contumax
588 964 624 1038 &
650 964 855 1050 diuturnus,
877 987 938 1039 ce·

83 1062 242 1160 phaleta,
269 1063 291 1135 st
320 1064 357 1136 in
383 1066 514 1164 exigua
538 1064 666 1160 capitis
691 1065 838 1163 regione
862 1060 938 1138 vel·

88 1182 133 1234 ut
158 1161 250 1235 fixus
273 1162 434 1249 haereat,
468 1161 593 1235 clavus
628 1160 696 1235 seu
714 1185 829 1237 ovum
853 1162 938 1238 dici·

89 1279 170 1348 tur,
196 1262 384 1361 oriturque
408 1261 467 1335 vel
494 1284 514 1334 a
538 1257 723 1360 particulis
745 1261 940 1359 heteroge-

88 1360 167 1434 neis
192 1380 335 1435 teneras
361 1359 467 1434 fibras
492 1362 705 1458 meringum
738 1360 938 1434 vellicanti.

90 1459 182 1545 bus,
213 1458 272 1532 vel
305 1487 326 1533 a
359 1457 528 1559 sanguine
558 1457 777 1546 ebulliente,
810 1456 870 1532 vel
894 1458 940 1533 ab

88 1557 305 1730 pignoribus
336 1555 441 1647 felle,
477 1556 645 1658 sulphure
687 1576 753 1632 aut
792 1555 861 1632 sale
886 1558 941 1633 in·

105 1680 125 1730 e
162 1679 204 1729 ts.
950 1692 953 1697 ·

90 1820 93 1825 ·
165 1783 362 1890 Lethargus
380 1786 431 1863 est
449 1787 554 1890 sopor
572 1784 774 1888 profundus
789 1794 874 1887 eum
891 1784 940 1861 fe·

92 1886 157 1956 bre
190 1886 289 1959 lenta
327 1889 600 1986 continuaque,
642 1910 710 1963 nec
744 1911 818 1963 non
857 1908 943 1960 curn

92 1980 221 2055 delirio
260 1987 515 2084 memoriaeque
553 1984 671 2080 eclipn
713 1983 941 2082 comunibus.

92 2083 179 2174 Ejus
203 2080 320 2153 caussa
343 2082 393 2155 est
423 2090 596 2183 por'orum
624 2084 759 2166 cerebri
782 2082 945 2183 angustia

89 2183 254 2269 ¹debitam
283 2177 468 2278 spirituum
494 2180 703 2273 animalium
734 2183 830 2257 viam
846 2230 858 2270 ‚
893 2183 943 2256 se-

90 2305 167 2378 ¹que
191 2278 418 2377 expandendi
443 2282 520 2355 vim
535 2280 747 2381 impedienn
765 2281 826 2355 vel
841 2305 943 2381 aquae

91 2398 169 2555 ἔμε.
183 2380 324 2481 pituitae
345 2377 583 2486 abundantia,
609 2382 818 2481 cerebrique
840 2383 945 2457 inun-

120 2499 207 2564 atro.

119 2644 123 2651 ·
169 2609 359 2780 Apoplexin
383 2608 434 2686 est
473 2632 607 2711 raeceps
624 2631 748 2688 motus
765 2614 945 2687 omnium·

95 2733 169 2810 que
200 2708 350 2783 ensnum
376 2634 544 2797 abolltio,
570 2733 781 2787 remanente
807 2710 945 2808 sangui·

94 2812 152 2882 nis
175 2805 297 2907 pulsu,
329 2833 372 2884 ae
404 2808 634 2910 respiratione
667 2812 748 2911 plus
776 2813 946 2887 minusve

95 2905 193 2990 lusan
222 2909 369 3006 quando
394 2912 564 2984 nimirum
591 2912 688 3007 poris
710 2933 752 2982 ac
765 2910 946 2985 meatibus

96 3008 235 3081 cerebri
238 3008 382 3176 pituita
403 3009 464 3083 vel
490 3033 618 3084 cruore
642 3006 742 3108 spillo
756 3004 945 3088 obstruent

96 3123 222 3179 motus
251 3106 416 3205 anguinis
431 3109 562 3181 ibidem
577 3108 692 3183 subito
708 3107 835 3182 fistitur
849 3130 947 3181 com·

95 3200 418 3305 preffisspiritibue
467 3206 526 3382 {¹st
537 3230 664 3285 antem
676 3206 870 3311 apoplexia
881 3204 958 3277 ann

521 3330 539 3403 5
708 3372 711 3380 ,
871 3319 986 3373 <mx-
