2086 3682
367 156 627 274 Astronomia.
855 181 943 291 375

85 316 221 427 phora,
242 313 368 408 Libra,
385 320 461 398 &a
474 322 535 415 ¹uel
550 323 595 397 ab
613 317 805 422 agricolis,
825 325 952 399 nautia

94 422 381 498 &venatoribus
396 420 556 495 muitum
569 420 631 495 sub
641 420 702 495 dio
717 420 946 519 degentibus,

95 522 161 621 qui
174 522 315 595 arebus
331 519 390 595 fibi
405 519 639 595 familiaribus
654 517 745 595 astra
760 520 945 619 cognomi·

93 640 248 707 narum,
275 642 349 718 quo
366 618 550 719 speGiant:
586 615 747 711 Plaustra
767 617 838 693 five
856 613 948 715 Urstr

94 738 175 792 tum
183 713 302 815 major
317 738 396 792 tum
407 722 536 805 minor,
549 717 677 819 Equus,
686 714 808 817 Lepus,
817 716 929 791 Aries
935 708 954 805 ‚'

100 814 253 904 Taurus,
272 813 354 901 Leo,
379 815 498 905 Canis,
515 816 651 905 Draco,
668 815 800 904 Navis,
821 811 951 909 Pifi'es',

96 914 223 1016 Caper,
232 914 380 1017 Aquila,
388 916 464 995 &a
474 914 534 990 vei
551 940 571 988 a
586 915 719 1001 Foeda,
727 917 793 1012 qui
806 914 949 989 aterni·

92 1018 161 1091 tati
171 1036 229 1087 res
241 1037 448 1089 memoratu
462 1015 589 1113 dignas
603 1011 834 1089 transmissuri
850 1010 948 1093 coelu

92 1111 298 1189 intulerunt
315 1114 560 1215 Argonautas,
572 1109 849 1200 Andromedam,
864 1109 952 1187 Cen«
1000 1166 1004 1183 .

93 1226 228 1296 tauros,
247 1208 324 1288 &a
341 1214 402 1286 vei
416 1215 575 1310 denique
597 1214 642 1287 ab
666 1211 950 1299 Adulatoribus,

92 1311 156 1411 qui
170 1308 233 1383 sua
249 1310 476 1410 aliorumque
493 1312 640 1387 nomina
654 1308 762 1386 stellis
773 1309 950 1411 imposue-

90 1430 247 1498 runt,ut
255 1407 435 1497 Herculis,
444 1406 570 1503 Persei,
584 1408 770 1512 Cuffiopeae,
782 1409 951 1487 Gemino·

85 1532 189 1597 runt,
201 1506 357 1597 Orionis,
369 1508 445 1587 &a
499 1512 659 1608 Antiqua
673 1511 771 1586 enim
789 1508 954 1610 supersti-

87 1604 162 1696 ¹tiu,
182 1630 276 1706 quos
303 1605 489 1709 apotheofi
522 1608 705 1685 honorare
721 1607 891 1697 volebat,
911 1609 952 1683 iu

94 1704 186 1783 nstra
200 1706 393 1795 transtulit,
408 1708 520 1783 etiam
535 1705 741 1795 sceleratos,
754 1728 798 1782 ut
814 1731 860 1783 ex
874 1705 952 1786 alm
1029 1738 1031 1743 ·

95 1803 273 1905 fulgentia
300 1806 451 1880 crimina
476 1806 685 1882 hominibus
714 1806 952 1883 commenda·

94 1904 341 2003 r'enturtquin
356 1928 422 2002 pro
484 1903 687 1980 inferarum
697 1905 876 1981 stabulum
884 1903 951 1979 mi·

93 2020 200 2177 arare
217 2006 355 2077 c'oelum
367 1928 477 2099 jurii.
527 2004 597 2076 His
611 2005 850 2104 adjungendae
870 2001 954 2077 sunt

123 2100 202 2178 elia
214 2100 411 2190 informes,
443 2098 503 2174 seu
517 2124 608 2198 quas
623 2099 790 2200 Sporades
804 2102 951 2188 dicunt,

93 2222 97 2227 ·
118 2222 177 2274 uae
197 2200 242 2272 ad
261 2199 397 2274 nuliam
419 2219 558 2274 certam
575 2201 613 2272 in
626 2198 738 2301 giobo
755 2200 954 2299 imaginem

93 2226 391 2397 ieuasteriimum
404 2298 652 2386 reiat'ae,velut
663 2322 752 2401 grex
764 2295 824 2372 dis
862 2294 953 2384 rsus,

94 2422 141 2473 va
169 2400 356 2491 abantur3
390 2397 449 2472 sed
485 2400 660 2499 temporis
682 2396 785 2476 succe
852 2396 954 2471 neira

94 2520 118 2573 u
164 2500 262 2573 ’nem
273 2494 483 2583 redariaa&
498 2499 605 2572 certi-s
614 2519 762 2597 quoque
774 2497 954 2573 limitibus

96 2595 388 2695 circumscripta,
404 2618 447 2669 ac
463 2595 667 2670 coelestibus
686 2620 771 2697 map
798 2597 827 2671 is
846 2595 954 2671 instr-

96 2716 141 2771 ια
154 2693 317 2770 fuerunt¹
366 2695 543 2769 Praeterea
560 2695 647 2768 hinc
669 2695 707 2770 &
723 2696 760 2769 iu
824 2695 861 2767 in
877 2716 953 2768 coe·

96 2792 291 2889 ionebulae
304 2793 363 2869 ieu
377 2792 528 2876 macula
544 2786 704 2868 candida
731 2790 954 2892 conspiciun-

93 2912 187 2986 tur,
209 2914 314 2994 quae,
344 2912 388 2966 ut
419 2890 528 2969 oculo
545 2893 650 2967 vitris
671 2911 813 2969 armato
836 2889 875 2964 &
891 2895 953 2962 c'u·

97 2996 212 3071 ratius
241 3014 303 3066 eas
325 2991 548 3067 examinanti
618 3010 689 3078 tet,
714 2986 851 3066 nonnisi
879 2988 956 3061 eri·

96 3091 256 3195 'guarum
281 3089 501 3166 stellularum
527 3090 563 3162 in
595 3114 634 3165 ar
659 3089 780 3166 acervi
804 3086 955 3161 consua-

99 3214 181 3273 rum
198 3191 389 3303 rangerius
406 3188 497 3274 sum,
517 3209 772 3289 vocanturque
785 3184 954 3301 Astrona·

473 3294 506 3361 A
520 3306 579 3385 η
885 3304 954 3361 rma
