2086 3682
349 130 352 137 ’
372 128 628 245 Astronamia.
854 156 943 253 443·

92 291 295 395 Hesperum
315 291 389 370 duo
408 293 570 370 distineia
590 291 822 371 crediderunt
838 298 942 382 astra.

91 398 224 471 Varias
241 417 316 468 non
335 397 457 468 minus
478 397 608 468 Venus
624 417 734 492 qnam
755 393 841 470 luna
854 401 943 497 pha·

91 493 146 570 ses
166 493 349 580 admittit,
370 492 536 592 lucisque
553 496 740 592 portiones
764 493 863 581 solis,
880 497 942 573 cui

89 590 301 678 famulatur,
322 594 472 668 arbitrio
495 594 665 667 sortitur:
680 592 752 687 jam
782 594 943 692 giuposa,

83 691 166 792 jam
181 714 300 765 vacua
315 690 423 768 instar
436 691 590 767 maculae
610 692 770 790 adparet„
820 692 944 768 Falcu-

91 808 168 885 tam
188 790 307 862 induit
328 791 485 878 faciem,
515 792 675 890 quando
699 791 760 863 sub
788 793 945 889 primam
995 800 999 807 ’

89 911 259 964 auroram
278 890 393 965 oritur
407 890 487 970 solis
501 893 664 965 nuncia:
693 889 859 977 bifidam,
881 892 946 970 ubi

88 987 250 1063 maxime
271 985 378 1065 distat
399 1015 419 1077 a
440 987 531 1074 sole,
557 986 751 1063 rotundam
770 1010 881 1087 quum
898 991 947 1064 ad
1025 1036 1032 1053 κ

89 1109 176 1162 eum
199 1089 348 1187 pro'pius
374 1089 528 1161 accedit.
591 1090 644 1161 Ex
674 1089 803 1186 quibus
833 1093 947 1164 etiam

89 1184 179 1259 illud
204 1206 308 1284 patet
303 1234 332 1305 ἰ
356 1188 547 1273 ,Venerem
573 1186 707 1260 scilicet
738 1186 776 1260 &
799 1188 948 1262 Mercu·

88 1286 186 1357 rium
204 1308 280 1358 non
298 1289 453 1384 propria,
472 1284 529 1358 sed
551 1311 571 1359 a
592 1283 664 1360 sole
680 1306 848 1361 mutuata
862 1285 945 1361 luce

88 1380 261 1481 fulgere·
312 1385 397 1479 Ejus
424 1409 445 1458 a
471 1406 567 1457 terra
588 1382 770 1477 distantia,
796 1387 944 1484 quando

88 1478 127 1555 su
152 1503 193 1555 ra
212 1479 322 1556 solem
345 1481 523 1570 ascendit,
556 1481 698 1579 superat
726 1483 845 1570 illam,
862 1506 947 1582 'qua

89 1504 152 1655 sol
167 1574 207 1655 δι’
243 1580 506 1669 Mercuriusa
533 1579 662 1654 tellure
690 1602 945 1661 removetnra

89 1696 220 1755 contra
242 1682 362 1754 minor
385 1678 458 1768 est,
481 1682 627 1778 quando
647 1679 739 1756 infra
753 1679 862 1753 solem
883 1681 948 1755 dei

89 1774 237 1853 scendie
299 1778 600 1854 Astronomorum
627 1778 737 1877 aliqui
758 1779 945 1855 Venerem

90 1896 186 1952 term
202 1876 379 1981 maiorem
404 1877 474 1977 elie
492 1881 735 1965 contendunt,
749 1879 808 1951 alii
820 1876 945 1977 paullo

86 1976 279 2051 minorem.
353 1976 411 2048 Ad
435 1974 591 2048 formam
612 1975 706 2048 illius
733 1981 831 2070 quod
848 1979 941 2049 adti-

87 2094 179 2167 net,
211 2077 293 2173 quis
316 2066 505 2173 pulchram
522 2074 637 2145 immo
660 2069 942 2170 pulcherrimam

87 2192 200 2275 neget
221 2171 292 2249 elie
316 2175 524 2264 Venerem?
543 2164 731 2271 splendore
751 2171 866 2243 vincit
886 2182 948 2244 rer*

87 2269 205 2371 liquos
228 2271 391 2370 planetas
420 2292 573 2359 omnes;
597 2279 816 2345 nontamen
838 2286 940 2344 caret

87 2368 240 2446 maculis
258 2399 265 2438 :
292 2372 410 2449 varias
428 2373 465 2445 in
492 2372 570 2470 ejus
588 2366 683 2443 disco
699 2371 844 2444 notavit
862 2368 941 2445 vel·

88 2489 129 2542 ut
153 2466 296 2542 muscas
321 2454 623 2568 pulchritudinis,
656 2487 698 2539 ut
730 2485 939 2559 vocamus,

88 2564 296 2742 'algl'mfi
323 2571 450 2643 uarias·
468 2589 625 2668 quoque„
645 2586 767 2665 partes
789 2565 938 2668 reliquia

100 2688 159 2742 Uel
186 2688 294 2740 iores·
960 2699 962 2702 ·

161 2844 224 2921 Ab
246 2838 473 2917 inferioribus
498 2839 543 2916 ad
564 2836 762 2944 superiores
777 2833 944 2940 planetas

87 2942 192 3036 juvat
221 2941 421 3017 ascendere.
482 2943 581 3016 Mars
607 2967 752 3042 quoque
774 2942 869 3013 circa
889 2939 941 3033 so·

87 3038 160 3116 lern
191 3041 373 3126 volvitur,
402 3038 459 3113 sen
485 3044 520 3114 in
542 3039 676 3117 circulo
700 3063 775 3114 tam
800 3036 942 3136 amplo,

87 3160 130 3215 ut
151 3141 263 3249 ipsam
290 3141 578 3240 comprehendat
607 3163 760 3235 terram,
783 3160 858 3228 non
886 3150 941 3211 ta·
972 3163 974 3167 ·

826 3286 833 3303 ³
853 3256 941 3333 Μ
