2086 3682
360 164 616 290 Astronomiri.
770 256 774 267 .
861 206 947 297 379

92 360 235 432 tamen,
245 358 290 416 ut
311 343 375 416 uni
391 334 556 440 ejusdem
572 342 665 442 parti
692 339 879 430 lux‚aiteri
894 368 947 421 te·

91 449 216 521 nebrae
237 444 391 527 cedant,
424 442 483 518 sed
504 465 660 542 utraque
685 466 761 517 tam
795 443 841 517 de
864 442 948 521 luce

117 567 206 618 uam
233 542 279 616 de
303 544 462 617 tenebris
486 545 669 641 particeps
695 541 807 627 fiant
828 545 948 619 media

91 568 229 717 Prilicet
242 636 349 715 node
365 645 591 717 numerando
618 643 662 715 ad
689 642 890 729 meridiem,
908 632 964 719 &⁸

92 767 115 817 ι
137 741 290 815 meridie
315 739 456 813 tursum
487 742 532 815 ad
559 741 716 817 mediam
742 739 853 838 usque
883 765 947 817 no.-

91 838 203 916 &em
249 844 373 935 Atque
400 841 471 912 hac
494 840 589 913 diem
610 838 812 917 naturalem
829 843 948 914 deter-

90 937 255 1015 minandi
269 939 412 1011 ratione
425 961 497 1038 proe
514 936 627 1011 altera
646 935 823 1012 artificiali
838 959 949 1012 utun·
1018 946 1021 957 '

90 1057 155 1114 tur
176 1034 407 1124 Astronomi,
438 1058 648 1136 opportuno
676 1038 757 1110 sane
782 1036 948 1127 confilio,

118 1158 212 1211 uum
239 1136 462 1209 Meridianus
487 1137 625 1235 ubique
639 1134 805 1210 locorum
831 1140 867 1210 in
888 1137 950 1213 sua

142 1236 245 1311 tione
272 1234 397 1307 firmus
414 1233 589 1333 persistat,
618 1235 787 1335 quamvis
810 1234 950 1313 diversa

88 1334 175 1411 loca
197 1333 339 1408 diverso
362 1355 515 1435 quoque
538 1339 723 1433 gaudeant
747 1336 949 1410 meridiano
1023 1398 1026 1403 .

89 1433 153 1509 fibi
177 1434 323 1534 proprio
351 1431 703 1509 &accommodato
752 1435 951 1509 Nihilomi-

88 1552 297 1607 nurtamen
323 1529 375 1605 sol¹
396 1533 609 1630 quotidiana
632 1536 849 1608 circuitione
872 1556 949 1608 non

89 1654 178 1707 cum
190 1631 335 1725 eodem,
348 1629 407 1703 sed
427 1629 497 1706 alio
520 1629 658 1731 semper
677 1633 793 1732 gradu
810 1631 949 1733 eclipti-

91 1752 143 1807 οε
168 1730 213 1807 ad
238 1730 479 1805 meridianum
506 1733 727 1819 revertitur,
762 1735 867 1811 cuius
893 1732 947 1806 rei

92 1826 394 1903 duaaAiironomi
408 1828 544 1903 caudas
558 1832 594 1903 in
604 1833 766 1905 medium
777 1828 947 1916 afferunt,
993 1861 996 1868 ·

91 1925 227 2003 scilicet
242 1945 322 2002 tum
341 1924 525 2026 obliquam
550 1930 727 2027 eclipticae
746 1933 857 2017 viam,
873 1954 948 2028 qua

88 2050 167 2103 nou
179 2025 356 2104 circulum
377 2027 414 2097 in
431 2024 607 2108 coelo‚ied
622 2027 736 2119 veluti
751 2027 879 2124 spiram
894 2031 949 2099 in-

50 2146 56 2157 “
85 2124 161 2203 -star
176 2124 226 2200 fili
238 2125 402 2223 cylindro
416 2120 652 2198 circumdedi
670 2125 853 2196 describit:
867 2146 949 2199 tum

89 2224 175 2301 solis
197 2246 342 2299 motum
364 2221 571 2308 secundum,
586 2222 643 2295 seu
666 2247 773 2322 quem
791 2222 849 2295 fibi
865 2246 949 2320 pro·

88 2326 212 2425 prium
237 2323 421 2397 vendicat.
485 2322 650 2420 AEqualis
672 2327 768 2396 enim
793 2324 838 2394 ab
862 2341 948 2397 ortu

91 2424 137 2497 ad
163 2419 332 2497 occasum
348 2419 505 2495 accessus
530 2426 617 2520 (qni
642 2440 765 2496 motus
779 2423 949 2521 primus)
977 2422 978 2427 ’

90 2520 266 2618 fimuiqu‘e
291 2521 336 2592 ab
361 2524 553 2594 occidente
578 2521 625 2593 ad
644 2522 823 2596 orientem
838 2522 949 2595 receti

89 2618 147 2697 sut
160 2620 255 2719 (qui
268 2640 391 2701 motus
407 2620 540 2693 dicitur
559 2620 895 2714 fecundumeodem
912 2622 950 2692 in

89 2741 249 2819 corpore
275 2739 417 2791 motum
433 2719 584 2833 integrae
599 2718 808 2891 AEfluatoris
825 2719 950 2789 circui·

88 2820 184 2895 tioni
201 2814 260 2901 seu
281 2815 496 2889 revolutione
517 2838 633 2915 tnaequ
671 2839 729 2891 em
747 2819 951 2914 producant

86 2914 233 2995 necesse
257 2912 328 2989 est:
360 2916 456 2989 unde
482 2912 625 3015 singulis
650 2916 776 2988 diebus
803 2915 851 2987 soi
876 2935 952 2988 non

84 3052 196 3166 'aquo
214 3084 298 3136 cum
321 3058 634 3231 AEquatorepaffu
650 3064 808 3156 (nempe
830 3017 886 3149 59'.
911 3015 949 3145 ἔ.

89 3164 280 3255 tardiore)
303 3158 337 3233 se
351 3159 413 3233 iob
431 3161 523 3233 Meri
548 3160 631 3235 iano
649 3158 743 3245 sistit,
760 3162 811 3231 ita
828 3179 867 3231 ot
880 3160 950 3255 pri·

89 3286 196 3337 tuum
216 3254 341 3353 exodia
356 3259 569 3335 circuitione
587 3280 707 3337 annua
718 3260 947 3455 dictug‘ngudp
