2086 3682
349 132 611 248 Astronomia.
846 149 928 275 3ρι

74 318 219 376 motum
256 295 367 373 suerit
392 322 525 398 corpus
556 299 738 387 lucidum,
767 306 866 400 quod
891 304 932 380 ita

61 399 126 475 'las
152 422 216 498 per
242 397 404 472 semitam
439 395 574 472 reblam
612 402 789 499 urgebat,
821 406 929 502 parti·

74 499 175 573 cuias
199 520 261 570 eas
284 497 329 568 ad
353 499 495 571 varium
520 497 623 572 suum
651 500 722 574 line
746 498 828 599 lege
851 526 928 579 mo·

73 617 154 671 tum
190 596 336 683 redire,
378 595 566 696 ipsumque
599 597 736 672 coelum
777 605 928 677 omnino

70 695 153 771 luce
187 695 400 770 destitutum
432 697 688 773 observamus-r
725 699 808 771 dein
834 724 925 799 quo·

71 796 209 870 tidiana
234 797 345 868 docet
371 799 606 893 experientia,
634 821 708 870 non
735 797 848 870 solum
865 822 927 873 co,

68 896 213 977 metris,
247 892 304 967 sed
337 894 375 968 dt
407 895 571 995 planetas
599 894 793 970 nonnullos
830 899 925 971 Mar·

67 1012 171 1080 tem,
199 993 383 1067 Venerem
408 1019 450 1066 ac
475 996 698 1068 Mercurium
726 996 838 1068 modo
869 995 924 1070 su·

64 1114 131 1193 pra
157 1089 435 1189 solis-sphaeram
460 1094 662 1179 ascendere,
691 1094 804 1166 modo
830 1092 926 1170 insra

64 1190 306 1277 descendere,
334 1215 443 1290 quem
471 1192 614 1265 cursum
638 1212 741 1266 tanta
766 1193 923 1267 dexteri·

63 1308 143 1365 tate
168 1287 350 1363 conficere
384 1288 573 1387 interjeila
599 1292 783 1366 materies
819 1292 926 1381 haec,

62 1388 86 1462 sr
112 1387 232 1463 solida·
246 1387 355 1473 soret,
384 1393 656 1491 necquidquam
682 1390 918 1490 indulgerote

61 1488 221 1587 denique
256 1485 279 1558 sr
310 1483 453 1563 solidius
482 1491 555 1565 hoc
584 1488 669 1564 coeli
701 1513 835 1589 corpus
868 1488 920 1564 es·

61 1585 143 1675 set,
185 1586 297 1660 fidera
329 1588 523 1685 presertim
557 1588 763 1663 sublimiora
794 1587 923 1666 lumen-

59 1684 191 1772 suum,
234 1686 323 1783 quin
363 1684 569 1761 refleilatur
600 1687 638 1763 δι
665 1686 922 1787 refringatur,

57 1784 230 1879 ejaculari
265 1785 363 1859 baud
398 1786 571 1885 possent,
613 1789 783 1887 quamvis
816 1787 916 1863 enim

57 1885 233 1983 diapbani
246 1885 341 1958 ratio
371 1883 443 1959 hoc
463 1884 560 1960 forte
579 1888 822 1973 concederet,
850 1908 916 1961 ne·

54 1984 224 2081 utiquam
248 2003 374 2054 tamen
403 1987 633 2077 permitteret
663 1982 916 2081 profunditas,

52 2104 140 2182 quae
183 2080 312 2183 prioris
353 2080 513 2154 indolem
551 2082 699 2154 omnino
731 2080 920 2167 destruit,

52 2179 367 2279 quemadmodum
388 2178 425 2251 in
444 2180 541 2253 vitro
560 2201 637 2251 uno
659 2180 775 2266 tenui,
797 2175 918 2254 altero

52 2280 163 2357 denso
186 2280 225 2354 dt
245 2276 360 2354 crasso
379 2280 534 2378 experiri
558 2278 655 2353 licei.
682 2362 685 2367 p

125 2482 242 2578 Quod
269 2503 392 2558 autem
412 2476 550 2554 adcoeli
577 2477 729 2577 figuram
749 2478 914 2566 adtinet,

49 2580 199 2656 videtur
224 2581 314 2655 illud
339 2582 486 2681 quidem
506 2580 685 2652 'interiore
726 2577 777 2651 sui
805 2598 912 2677 parte

49 2680 86 2755 in
103 2681 231 2755 orbem
256 2683 430 2766 circuire,
454 2678 601 2773 finuque
624 2676 685 2750 suo
707 2674 907 2768 subjeetum

48 2802 132 2855 cum
159 2777 398 2876 atmosplraera
427 2798 530 2850 tertae
556 2773 707 2873 globum
738 2771 908 2873 ampledii

48 2900 91 2953 ac
118 2876 334 2953 conclusum
364 2898 491 2950 tenere
517 2901 533 2948 a·
556 2873 615 2947 sed
643 2874 803 2947 exterior
826 2872 907 2965 ejus

48 2978 207 3071 ambitus
221 3001 269 3051 an
293 2975 439 3062 circuli,
461 2998 507 3046 ao
531 2973 721 3071 quadrati,
747 2995 793 3044 an
814 2991 904 3045 vero

47 3074 219 3178 trianguli
252 3073 406 3175 liguram
433 3074 622 3155 imitetur,
651 3091 760 3144 nemo
800 3067 905 3181 {uelle

46 3173 359 3253 demonstraverit
417 3176 516 3341 {am
537 3171 648 3270 'quod
676 3165 802 3253 visibib
817 3162 903 3340 'iiql-

483 3290 507 3363 4
866 3290 901 3341 ὃ·
