2086 3682
99 112 275 239 ‘capara
302 46 828 232 armararnaaaarsae.
854 123 907 207 ⁶1

57 283 172 360 -stituti
198 285 271 357 rnei
297 280 411 367 foret,
435 282 534 381 quod
559 306 632 356 non
658 281 726 369 est,
754 285 914 383 integrae

61 406 155 459 artes
204 381 242 456 &
280 380 443 455 scientias
480 380 637 469 docere,
672 382 730 456 sed
768 381 912 458 illarum

10 534 29 551 ..
57 485 171 573 ideas,
201 483 239 556 dt
265 478 443 580 'quidquid
466 482 598 554 eruditi
622 482 717 557 intra
731 483 911 557 ambitum

57 578 158 658 suum
181 581 402 669 continent,
428 601 620 676 exponere.

154 752 277 835 Prim'a
311 757 351 832 dt
382 759 509 840 ordine
540 756 577 832 dr
608 750 818 836 neceffitate
850 776 914 837 oc·-
1020 756 1024 765 ’

57 853 435 935 turritArithmetica.
486 859 576 932 Haec
601 879 726 933 autem
740 859 790 935 est
804 860 913 935 scien·

36 957 107 1058 'tia
127 980 370 1032 numerorum
393 984 403 1030 r
429 981 605 1053 numerus
628 983 718 1032 vero
744 958 913 1032 multiru-

57 1063 100 1135 do
127 1058 311 1131 unitatisr
336 1056 458 1130 unitas
481 1049 832 1154 principiumomnis
847 1083 916 1149 nu,-

56 1161 146 1234 meri
169 1185 180 1230 r
219 1156 423 1231 nunteratio
450 1157 597 1227 demoni
632 1179 689 1228 ars
714 1153 914 1245 scribendi,

55 1257 355 1359 pronunciandi,
389 1278 432 1328 ac
465 1255 702 1354 computandi
729 1279 915 1329 numeros.

34 1355 235 1432 Versatur
281 1357 376 1428 circa
425 1352 672 1454 quantitatem
699 1350 915 1451 discretama

57 1459 215 1554 ejusque
239 1452 402 1531 officium
432 1453 483 1527 est
508 1455 625 1553 primo
653 1456 827 1553 quidem,
853 1479 918 1530 na·

58 1579 181 1659 aptam
207 1554 244 1628 dr
269 1554 511 1653 proprietates
536 1570 774 1629 numerorum
800 1552 918 1629 decla·

58 1677 157 1744 aare,
184 1656 337 1726 modum
362 1674 425 1726 eos
448 1649 625 1728 ttadiaadi
650 1654 840 1739 exhibere,
858 1651 919 1726 seu

59 1753 231 1854 vulgares
260 1751 335 1824 ,fine
366 1753 499 1850 integri
534 1749 592 1837 sen
616 1749 749 1825 iradii:
786 1775 923 1851 propo·

59 1856 114 1928 nit
139 1855 252 1927 etiam
285 1851 410 1925 dehis
436 1851 620 1926 axiomata
645 1849 716 1926 five
741 1852 919 1926 veritates

58 1977 123 2054 per
146 1955 181 2026 ie
206 1951 344 2037 claras,
377 1951 508 2049 quibus
533 1969 707 2047 tanquam
733 1952 919 2049 principiis
951 1946 952 1950 ’

59 2055 170 2128 certis
194 2053 355 2125 nititur:
383 2073 458 2123 non
482 2051 603 2122 minus
629 2052 858 2124 theoremata
880 2047 922 2122 st·

59 2177 107 2227 ae
132 2148 420 2252 propositiones,
448 2169 528 2244 quae
555 2167 790 2236 numerorum
815 2168 923 2244 pote·

61 2250 169 2327 states
197 2247 463 2349 demonstrant,
489 2245 544 2318 nti
570 2242 833 2342 sunt,'quibus
860 2246 923 2341 do·

60 2371 123 2429 cet
160 2347 245 2424 illos
281 2349 444 2434 addere,
485 2345 695 2419 subtrahere
724 2370 745 2417 a
771 2341 805 2418 se
830 2344 922 2420 invi*

62 2445 170 2538 ceni,
206 2450 244 2520 in
280 2446 314 2520 se
346 2444 475 2520 dudios
506 2443 777 2544 multiplicare,
809 2458 923 2545 atquo

63 2542 156 2623 inter
184 2545 217 2620 se
245 2547 419 2631 dividere,
445 2568 537 2640 quas
565 2543 697 2642 species
723 2547 833 2620 etiam
855 2557 922 2648 per

11 2684 14 2689 ·
87 2647 292 2722 roblemata
317 2643 426 2719 latius
452 2644 621 2744 explicat.
672 2644 841 2725 Alterum
870 2644 924 2729 ostf-

62 2671 187 2821 dcium
217 2743 298 2831 est,
326 2744 416 2818 inire
441 2745 621 2816 rationem
648 2767 692 2819 ac
717 2748 924 2844 proportio·

65 2869 147 2920 nem
175 2861 415 2920 numerorum
442 2843 487 2914 ad
515 2841 732 2931 semutuo,
760 2864 838 2917 rum
880 2836 930 2921 Aa

65 2945 314 3018 rithmeticam
342 2960 421 3015 tum
448 2941 740 3030 Geometricam,
770 2965 849 3041 qoae
875 2934 927 3019 sa»

66 3066 111 3121 ne
145 3045 264 3139 totitas
296 3039 519 3116 Matheseos,
538 3044 659 3117 anima
698 3041 769 3114 dici
793 3038 925 3138 potest.
1009 3036 1013 3057 ’

68 3138 229 3244 Regulas
251 3150 406 3241 quoque
428 3160 546 3215 certas
577 3138 728 3245 statuit,
760 3141 815 3212 uri
845 3142 925 3217 Aa·
1002 3222 1004 3225 ,

418 3278 420 3283 ⁴
619 3322 624 3329 ἱ
678 3262 681 3268 ’
801 3248 921 3329 mm,

419 3365 431 3405 l
