2086 3682
259 133 566 228 Ar‘clriralionira
605 134 746 227 Ciuilis.
835 199 838 204 -
874 165 960 254 203

104 299 286 387 Abulenu,
302 301 477 377 Cornelio
501 329 522 376 a
547 302 694 400 lapide,
709 302 862 402 aliisque
889 303 964 404 spa·

86 404 159 476 -tio
180 401 307 498 aequali
332 403 464 500 viginti
490 402 698 475 cubitorum
715 429 736 476 a
750 406 865 477 tribus
881 403 963 477 atrii

132 503 271 576 artibus
294 499 457 585 distabat,
476 499 653 575 'videlicet
678 527 700 576 a
724 503 868 578 duobus
883 503 963 597 ejus

105 526 293 682 lateribus,
312 599 349 674 dt
373 626 394 674 a
417 621 537 700 tergo,
550 601 602 681 ita
625 619 668 674 ut
691 601 825 676 atrium
850 603 965 675 taber·

106 698 240 775 naculo
266 697 508 797 antepositum
534 700 823 801 quinquaginta,
851 700 966 798 ipsum

106 798 385 872 tabernaculum
411 800 572 899 triginta,
589 799 769 900 reliquum
795 797 969 898 usquead

73 916 75 921 ‘
107 897 205 973 latus
218 895 460 972 ‘occidentale
484 900 566 973 atrii
583 899 739 994 spatium
754 900 886 998 viginti
903 920 966 972 cu·

109 999 207 1074 bitos
224 995 540 1096 compledleretun
556 1001 618 1097 qui
644 1022 773 1072 omnes
796 1002 968 1071 inunum

108 1094 265 1191 coniedii
280 1095 456 1171 summam
468 1118 624 1172 centum.
632 1098 840 1172 cubitorum
856 1093 968 1169 conlic

111 1195 303 1292 ciunt,seu
319 1217 437 1271 totam
462 1197 551 1270 atrii
568 1196 848 1297 longitudinem.
895 1195 972 1278 Hic
1001 1262 1006 1271 ,

60 1371 68 1378 ,
111 1296 196 1370 litus
224 1316 304 1370 erat
329 1296 566 1384 tabernaculi,
587 1300 688 1396 quod
714 1298 864 1398 triginta
888 1292 969 1371 lon,

112 1396 291 1494 gitudine,
307 1397 434 1497 decem
458 1395 663 1484 latitudine,
683 1396 876 1475 altitudine
892 1392 983 1468 rur-¹

114 1496 170 1571 sus
194 1497 324 1570 decern
341 1497 486 1569 cubitos
510 1497 684 1596 aequabat.
738 1500 778 1572 ln
804 1496 895 1570 duas
917 1493 969 1568 di·

113 1595 229 1669 visum
254 1593 327 1667 fuit
352 1617 486 1694 partes,
516 1595 651 1671 scilicet
671 1599 708 1671 in
732 1596 895 1671 Soniium
916 1595 974 1670 vi·

114 1696 207 1794 giuti
250 1694 396 1768 cubitos
442 1695 620 1796 longum,
664 1697 703 1771 dr
741 1698 778 1772 in
808 1693 972 1770 Sanlium

115 1791 322 1873 Sardorum
364 1794 445 1888 (ut
483 1793 648 1894 loq'uitur
681 1800 715 1871 S·
742 1800 972 1898 Scriptura)

115 1896 219 1994 quod
241 1892 401 1992 reliquos
426 1894 555 1969 decem
578 1898 724 1971 cubitos
759 1899 972 1971 tabernacu·

114 1993 152 2073 li,
168 2016 251 2092 vqua
277 1990 428 2090 longum
454 2013 546 2079 erat,
572 1995 807 2089 continebam
833 2018 878 2067 ex
895 1995 973 2091 qui·

116 2095 183 2167 bus
208 2112 311 2190 patet
333 2087 505 2165 Sandlurn
530 2090 783 2188 quadranguli,
802 2089 974 2165 Sandlu‘m

116 2214 207 2266 vero
234 2188 447 2266 Sanctorum
485 2190 653 2288 quadrati
680 2189 842 2264 'formam
880 2187 976 2264 obtia

117 2288 243 2364 noilse.
301 2290 596 2365 Tabernaculum
623 2291 696 2364 hoc
721 2313 742 2364 e
769 2288 901 2366 tabulis
934 2287 975 2361 li·

119 2412 277 2492 gnorum
300 2389 403 2484 ¹setim
429 2390 604 2464 inauratis
627 2389 839 2490 vigintiad
864 2385 976 2464 Meri·¹
1033 2468 1035 2473 ¹

121 2491 244 2575 diem,
280 2513 323 2564 ac
351 2490 507 2564 totidem
542 2491 588 2563 ad
617 2490 909 2584 Septentrionem
936 2486 976 2561 in

121 2589 272 2690 longum
298 2587 502 2686 protradlis.
522 2587 754 2693 compadlum
772 2587 889 2664 =fuit:
930 2585 978 2663 ad

125 2687 370 2764 Occidentem
395 2711 485 2762 vero
513 2691 619 2786 (quae
643 2711 726 2787 pars
752 2709 831 2764 erat
853 2685 978 2765 latitu-

124 2788 215 2861 dinis
239 2807 434 2885 utramque
460 2783 679 2862 connectens
703 2807 844 2887 partem
863 2784 977 2885 longi-

124 2888 280 2972 tudinis,
316 2885 589 2958 meridionalem
614 2885 749 2960 scilicet
773 2910 816 2959 ac
841 2883 980 2989 septen·

124 2984 347 3079 trionalem)
372 2979 454 3058 otro
485 2986 698 3060 numerabat
723 2982 865 3058 tabulas
893 3006 900 3051 ε
934 2982 982 3057 ad

123 3086 305 3160 orientem
333 3105 422 3156 vero
448 3087 609 3182 quinque
642 3083 822 3160 columnis
852 3081 983 3183 ligneis

59 3268 62 3272 ,
117 3186 261 3289 pariter
285 3204 376 3258 auro
397 3178 578 3361 obdutssia
593 3205 674 3284 quae
698 3181 784 3264 uelo
809 3182 1032 3286 regebam,

577 3299 593 3379 5
900 3301 980 3373 tur,
