2086 3682
132 149 222 263 non¹
256 59 467 249 Ᾰ-ίάμιτ
504 125 597 221 VII.
611 66 886 265 Adjooenoo
923 156 928 167 ·

218 311 426 431 iudom,
456 338 594 403 vocem,
616 318 714 391 vires
727 316 730 322 ’
740 313 920 416 producit
943 314 989 395 Ψ

446 450 583 541 auget

132 586 294 681 AEtatem
325 616 450 680 autem·
485 603 745 704 phlebotomiae
778 623 906 745 aptam
934 603 987 680 his

132 705 293 793 veronus
321 705 481 780 indicat·
522 710 608 804 (p)

231 869 376 947 AEtotis
408 868 528 947 media
565 895 623 946 mu
624 870 721 947 oum
751 866 792 946 de
813 868 986 1015 sanguine

284 1111 361 1189 Sit
373 993 601 1217 puertozilteque
615 1111 748 1230 senex,
774 1111 876 1187 tollet
897 1127 987 1188 uter·

465 1254 529 1340 que
545 1254 686 1335 porum.

40 1448 47 1463 x
134 1406 221 1481 Non
234 1426 360 1479 snmus
382 1404 627 1504 Hippocrates
653 1403 748 1478 ἂι
715 1401 858 1500 antiqui
876 1403 991 1478 Medi·

135 1504 171 1579 ci
200 1504 257 1579 in·-
283 1504 455 1577 omnibns
496 1502 571 1579 fere
601 1502 807 1577 morbis&
832 1501 883 1574 ufi
913 1503 991 1577 sunt

133 1603 207 1677 hoc
233 1604 413 1684 remedio
437 1603 475 1679 δι
501 1602 604 1677 suis
595 1629 631 1676 1n
656 1600 907 1675 voluminibus
930 1625 992 1701 po·

134 1699 284 1777 steritoti
307 1698 440 1776 reliffls
466 1701 555 1775 iilud
579 1699 703 1773 multis
719 1699 903 1775 extollunt
916 1701 991 1774 lau

133 1801 257 1875 dibun-
314 1802 428 1873 Certe
462 1800 708 1911 Hippocrates
745 1803 820 1897 (q)
852 1797 992 1874 renam

133 1898 291 1973 morbos
300 1897 454 1971 curandi
480 1902 668 1972 rationem
689 1920 808 1979 totam
844 1918 926 1972 tum
954 1900 992 1972 in

134 1996 255 2070 dando
282 1996 344 2084 id,
374 1998 473 2096 quod
501 1996 649 2084 deficit,
683 2018 762 2070 tum
790 1999 849 2070 in·
844 2000 992 2071 subtr-a

134 2096 258 2173 hendo.
291 2097 391 2193 quod
423 2095 516 2197 supe
512 2093 640 2171 fluum
674 2095 749 2176 est,
782 2097 991 2185 constituit,

53 2280 55 2284 Ι
135 2194 292 2294 qu'orum
320 2197 475 2293 primum
504 2220 568 2294 per
590 2197 875 2282 medicamenta,
900 2197 992 2270 alte·

133 2317 215 2368 rum
243 2318 306 2393 per
333 2292 618 2407 phlebotomiam
645 2292 697 2366 fit
743 2297 908 2368 Verum
936 2298 991 2370 his

134 2392 493 2508 insuperhawbitisnipii
518 2417 666 2492 quoque
695 2394 828 2477 Medici
853 2398 965 2469 hoc
955 2418 992 2470 in

134 2492 285 2592 negotio
317 2493 354 2565 in
379 2492 536 2566 diveriiss
571 2513 692 2592 partes
730 2516 774 2566 ac
799 2495 991 2590 opiniones

135 2594 284 2666 abeunt.
354 2591 515 2686 Quidam
547 2593 731 2691 aegerrime
757 2592 991 2669 adducuntur

134 2682 187 2767 ad
209 2688 319 2763 fond
323 2692 433 2762 ndum
460 2688 681 2789 sanguinem,
706 2692 814 2762 etiam
836 2692 873 2764 in
896 2716 990 2767 mor·

135 2791 190 2865 bis
217 2789 461 2904 gravioribus:
488 2791 596 2886 aliqui
625 2792 704 2863 {unt
729 2813 774 2862 eo
802 2789 882 2889 plus
909 2816 988 2891 pro·

136 2891 236 2991 digi,
264 2890 373 2967 etiam
407 2911 510 2967 extra
542 2891 659 2965 morbi
659 2911 885 3061 Hpropinqui
918 2915 989 2965 me·

59 2992 71 3008 ‘
137 3008 227 3063 tum
298 2993 437 3105 Neque
452 3012 508 3063 res
533 2989 609 3061 haec
631 2991 666 3062 di
709 2987 907 3062 conatibus
935 3014 988 3064 ca·

135 3108 204 3164 ret
254 3090 350 3163 Nam
375 3091 440 3188 qui
464 3089 561 3186 parci
585 3086 666 3163 sunt
694 3086 893 3186 sanguinis,
923 3091 987 3190 pri·

929 3210 989 3262 mo

213 3283 280 3366 (Ρ)
307 3283 380 3368 Cap.
396 3303 466 3351 101
593 3283 660 3372 (q)
685 3281 755 3350 Lib
764 3281 885 3368 defiat.
