2086 3682
266 128 492 220 Orcorwmio
511 124 724 220 undeinn.
865 155 926 242 39

66 316 142 397 pro
166 293 327 387 cuiusvis
353 294 514 393 corporis
539 294 578 369 ὅ(
602 293 719 396 morbi
729 340 746 380 ,
777 288 925 392 eiusque

74 392 277 469 caussarum
315 393 525 469 conditione
558 391 718 467 remedia
754 390 924 474 submini-

67 490 237 581 strentur.
306 495 432 589 Quare
458 494 563 593 praeci
590 515 682 565 uum
708 485 842 564 Medici
866 486 923 563 of·

67 588 196 665 ¹ficium
221 589 285 679 est,
311 612 355 665 ut
380 614 459 691 quae
485 517 647 695 preigne,
673 586 825 676 abillis,
865 607 923 690 uae

70 710 231 777 nocent,
264 711 345 764 tum
379 691 424 763 ad
450 689 660 787 iervandam
685 686 829 788 corpori
880 706 922 760 u.-

68 812 180 865 mano
205 791 474 889 integritatem,
497 811 577 863 tum
605 787 650 861 ad
673 811 766 873 eam,
792 785 815 859 sr
841 781 926 868 latin

68 886 124 971 iit,
148 889 385 987 reparandam
411 889 504 963 bene
528 886 716 974 discernat,
736 887 851 983 iisque
866 906 920 955 re·

67 984 128 1061 &e
151 1004 289 1061 utatur.
367 983 466 1060 Nam
495 986 805 1086 quemadmodum
839 1004 920 1056 cor·

64 1085 165 1187 poris
192 1086 289 1160 vires
313 1097 509 1185 'nunquam
542 1080 703 1173 absoluto
725 1082 841 1171 ¹sunt,
873 1100 921 1181 ut

66 1208 154 1259 cum
181 1183 308 1259 scholis
333 1184 476 1285 loquar,
496 1184 554 1260 sed
581 1182 742 1289 relation
765 1182 921 1281 semper,¹

64 1282 104 1361 ἂ
137 1284 233 1357 intra
266 1305 386 1359 certos
420 1282 770 1382 quosdam.'limites
801 1280 917 1356 conti·

62 1383 227 1470 nentur,
262 1385 314 1456 ita
337 1386 447 1458 etiam
475 1382 573 1457 nulla
599 1375 755 1482 r'ep'erir'e
781 1380 831 1457 est
855 1380 919 1455 seu

63 1478 236 1557 alimenta
261 1482 321 1555 seu
347 1485 613 1557 medicamenta
639 1504 684 1555 ex
710 1483 810 1557 omni
830 1481 916 1556 clas·

60 1578 96 1655 se
110 1628 124 1667 ‚
157 1605 239 1679 quae
263 1580 425 1655 absoluta
451 1582 525 1654 dici
577 1602 714 1666 ueant,
748 1580 807 1654 seu
834 1602 916 1680 quae

58 1698 192 1754 natura
217 1679 277 1754 sua
291 1681 442 1781 iemper
467 1680 533 1755 fint
549 1605 730 1773 iariut'a'iria,
746 1700 811 1753 aut
827 1680 915 1753 sem·

72 1878 249 1977 picimus,
287 1901 330 1949 ac
356 1880 427 1950 fine
451 1878 691 1954 fundamento
717 1877 806 1952 illud
831 1880 914 1955 Em·

55 1976 155 2076 piriae
182 1973 574 2076 medicae-principium
594 1976 748 2067 ,inesse
777 1992 917 2052 certon

55 2069 335 2161 medicamentis
368 2070 585 2169 quibusdam
616 2072 764 2167 vim&
792 2068 915 2149 effica-

55 2172 152 2271 {titt-in
187 2173 233 2245 ad
271 2170 440 2245 morbum
473 2168 913 2268 aliquemuincentium

20 2278 26 2287 ’
53 2295 129 2395 qua
161 2271 199 2344 in
224 2294 263 2343 re
290 2268 501 2351 nonsoium
527 2287 685 2370 peccant
706 2266 914 2371 gravrffine

52 2368 349 2447 utennforanei
373 2366 433 2442 feu
452 2374 619 2468 Agyrtae,
634 2368 699 2469 qui
722 2366 818 2444 male
835 2392 912 2445 ετο-Ι

50 2466 143 2568 ‘aiulo
184 2467 299 2569 vulgo
336 2466 578 2569 persuadent,
615 2492 793 2572 panaceas
830 2468 912 2545 {uas

52 2566 225 2679 adversus
251 2591 361 2657 omne
381 2568 593 2643 morborum
612 2590 728 2668 genus
745 2566 815 2644 effe
832 2566 911 2667 vei3

50 2684 98 2741 ut
121 2669 415 2765 omnipotentes,
443 2689 571 2739 verum
599 2666 732 2760 etiam,
754 2686 799 2740 ut
823 2690 912 2765 que·

49 2765 147 2840 rrtnr
170 2761 433 2864 expertiffimus
459 2753 728 2851 Hoffmann'us,
758 2766 805 2839 de
856 2760 910 2842 uo

48 2862 155 2951 dixi,
193 2860 291 2938 dotti
332 2886 480 2963 quoque
519 2864 740 2963 caeteroquin
772 2789 910 2943 Meiici

51 2984 128 3037 non
152 2961 673 3061 infrequenterdeiinqunnt,
709 2960 772 3059 qui
799 2954 909 3045 semel

48 3060 110 3136 vel
135 3062 269 3136 iterum
296 3058 466 3162 prospero
492 3056 624 3135 effedu
650 3060 800 3135 animati
825 3083 909 3159 per.

47 3178 162 3260 petua
189 3180 318 3237 contra
343 3158 513 3333 morgum
537 3161 761 3261 quemdam,
785 3157 906 3330 cfrtis·

470 3278 495 3351 4
817 3280 906 3335 tma-

56 1800 124 1949 εει
137 1780 260 1852 noxia:
289 1782 390 1854 unde.
405 1776 735 1880 perniciosrssimum
749 1777 819 1853 effe
834 1802 915 1879 per·
