2086 3682
135 130 227 224 434
258 145 260 149 ¹
343 77 346 84 ι
460 100 588 221 Caput
626 99 728 194 VII.

139 267 382 368 misphaerium
396 268 501 341 nobis
517 258 711 342 obversum
733 283 798 341 aut
820 278 908 363 vere
932 266 995 340 ob-

139 361 315 453 scuratur,
328 384 394 439 aut
415 363 595 440 obscurari
612 365 717 440 nobis
732 365 879 440 videtur
897 393 904 434 :
927 363 994 456 est·

138 489 212 565 que
242 464 302 538 iiia
330 463 391 538 vel
426 462 512 538 cum
544 487 671 550 mora,
707 462 824 561 fiper
847 463 995 563 aliquod

140 560 360 662 temporius
376 561 490 638 atium
528 563 686 639 tenebris
710 561 919 636 immersum
941 562 995 656 ia·

139 682 236 749 ceat,
255 659 317 735 vel
348 587 418 734 ine
443 683 559 748 mora,
580 660 725 759 quando
750 658 852 735 smol
872 684 918 735 ac
934 659 994 735 he·

138 759 329 860 misphaerii
366 781 448 859 pars
474 758 604 832 ultima
626 759 838 832 obscuratur
850 805 862 845 ,
897 760 995 859 prior

139 858 164 932 s
178 858 316 932 lendori
339 855 483 958 pristino
507 855 718 932 restituitur.
766 869 896 956 Atque
918 860 994 931 huc

57 967 76 1017 Ἀ
137 884 221 1030 (got
250 955 332 1030 solis
354 956 392 1030 &
413 955 507 1029 iunae
533 953 721 1054 eclipsibus
749 958 993 1036 communiae

138 1077 219 1154 quae
241 1076 332 1132 vero
353 1053 564 1156 sequuntur,
583 1052 726 1155 singulis
740 1057 898 1156 propria.

216 1277 245 1326 1.
267 1253 542 1353 Nonnunquam
566 1252 637 1328 toti
658 1251 907 1354 hemisphaerio
928 1274 993 1327 no·

107 1366 111 1377 ¹
138 1349 209 1426 stro
229 1349 310 1425 solis
333 1349 445 1426 facies
470 1352 593 1427 aiuna
615 1353 786 1451 eripitur,
813 1353 901 1451 quin
922 1370 994 1426 ter·

137 1474 179 1525 ra
204 1451 307 1527 omni
332 1472 379 1525 ex
396 1467 501 1549 parte
522 1451 568 1533 nd
594 1452 762 1526 tenebras
784 1451 992 1526 damnetur.

136 1551 235 1626 Nom
266 1548 401 1624 inillis
430 1547 658 1624 solummodo
692 1551 903 1648 regionibus
930 1549 993 1624 ob·

24 1692 27 1697 ,
137 1637 302 1725 sternatur
318 1646 399 1722 solis
422 1645 571 1746 eclipfis,
588 1648 685 1722 inter
704 1670 795 1746 quas
818 1648 857 1722 &
884 1645 993 1723 solem

137 1744 224 1822 luna
239 1745 456 1836 intercedit3
477 1769 594 1843 quum
619 1747 733 1846 igitur·
750 1745 837 1821 luna
859 1744 901 1820 fit
915 1769 993 1821 cor·

137 1866 207 1943 pus
230 1841 302 1918 sole
325 1867 369 1920 uc
389 1863 487 1944 term
501 1845 633 1932 minus,
650 1864 754 1946 patet
778 1847 878 1944 quod
902 1846 993 1921 dire·

138 1937 195 2015 &e
215 1942 309 2015 inter
330 1941 440 2018 solem
475 1944 513 2018 &
538 1945 723 2045 integrum
749 1963 854 2019 terrae
877 1944 994 2019 hemi·

59 2128 61 2139 y
138 2037 328 2140 sphaerium
355 2043 443 2143 poni
465 2063 645 2141 nequeat,
668 2046 767 2142 quod
794 2063 920 2119 tamen
947 2038 994 2118 ad

164 2140 345 2219 eneralem
379 2140 459 2215 solis
494 2140 637 2242 eclipfin
668 2139 850 2216 neceffum
883 2139 993 2217 foret.

70 2316 72 2321 ,
138 2163 249 2314 {lena
271 2239 384 2336 igitur
400 2240 567 2337 prodigio
582 2240 625 2314 e'a
644 2237 726 2328 fuit,
743 2265 817 2338 qua
838 2228 996 2340 magnus

120 2335 198 2435 ,ine
219 2335 346 2407 mundi
365 2333 495 2409 oculus
517 2337 602 2411 coeli
625 2358 806 2437 terraeque
828 2339 993 2414 Domino

18 2453 20 2456 ·
137 2434 176 2509 in
203 2454 311 2506 cruce
341 2434 513 2508 morienti
546 2440 763 2535 parentavit.
826 2432 993 2538 Tempus

106 2606 110 2619 ,
138 2531 234 2604 enim
255 2551 345 2620 erat,
393 2526 440 2607 u'a
459 2531 546 2608 iuna
566 2537 715 2611 dimidio
741 2533 856 2611 asole
877 2538 992 2611 circu·

136 2626 317 2703 io‘distare
347 2556 453 2721 uiiet,
481 2630 666 2733 plenoque
686 2633 794 2708 vultu
816 2656 991 2736 exceptos

136 2726 232 2802 iliius
253 2731 372 2803 radios
405 2731 442 2803 in
464 2750 578 2805 terras
598 2731 789 2832 spargeret
814 2754 920 2809 totus
940 2735 992 2809 iu·

78 2886 81 2890 .
137 2824 427 2925 superterrarum
461 2830 559 2904 orbis
580 2828 695 2906 subita
719 2827 826 2907 noste
847 2828 991 2933 opprei·

137 2921 194 2998 sus
219 2929 385 3025 gemuit,
417 2950 532 3024 quum
560 2951 684 3005 tamen
710 2930 795 3006 luna
817 2930 859 3005 fit
881 2932 944 3007 ion
969 2952 990 3005 e

135 3024 257 3098 minor
275 3045 388 3113 ternu,
412 3025 450 3099 δι
473 3027 521 3100 ab
550 3021 619 3103 hac
648 3032 809 3104 maximo
833 2955 990 3128 sennia

137 3120 353 3219 intervallo,
383 3146 462 3223 quae
488 3124 645 3205 uetiam
664 3127 876 3206 infecunda
899 3131 989 3207 aeris

103 3256 107 3262 1
413 3267 418 3285 ,
937 3251 987 3302 re·
