2086 3682
308 255 311 262 .
389 124 527 252 Critice
552 139 716 232 ludica.
796 118 820 267 ’χ
850 246 855 255 ,
895 167 981 254 239

137 303 332 405 telligenda
363 303 435 381 elie
466 304 641 381 existimo.
712 304 805 381 Sunt
836 326 983 404 quoque

71 458 78 473 -.
133 402 318 492 nonnulli,
343 405 406 502 qui
432 401 465 488 se
489 399 740 502 &discipulos
767 403 846 478 suos
872 427 981 478 occu·

134 523 225 602 pant
245 501 440 603 plurimum
466 501 581 579 studio
609 501 843 602 Philosophiae
867 526 931 576 aur
958 527 981 579 e

134 600 285 677 Cartesri
308 623 352 675 ac
375 600 558 691 Gallendi,
573 622 639 678 aut
660 603 904 677 recentiorum
919 603 981 678 ad·

132 701 208 775 huc
242 698 382 799 placitis
413 703 638 802 depromta,
679 698 737 775 vel
764 699 826 777 suo
857 701 893 774 io
920 725 980 777 ce·

130 798 239 875 rebro
263 796 485 876 'fabricator
538 800 645 877 Hanc
673 801 724 876 ira
749 795 980 879 necessariam

119 897 277 977 'Medico
302 897 372 974 esse
394 897 541 990 volunt,
558 919 602 974 ut
626 898 697 974 sme
719 896 778 973 illa
802 895 978 997 proficere

113 997 166 1091 ¹in
191 1016 270 1073 arte
295 997 355 1072 sua
378 998 585 1075 nullatenus
610 992 753 1102 possit:
791 996 977 1097 disputant

126 1119 304 1194 quoque,
337 1097 497 1198 &quasi
529 1098 664 1196 absque
688 1097 841 1176 induciis
868 1097 977 1173 aiter·

106 1214 258 1269 «cantur
289 1219 375 1271 cum
408 1196 556 1282 alteriue
587 1193 686 1274 sedae
720 1195 975 1295 Philosophia,

125 1295 330 1395 satagentes
364 1295 584 1396 proscribere
621 1319 642 1372 e
672 1295 810 1395 mundo
843 1317 973 1371 omnes

115 1391 260 1468 -sormas
285 1420 306 1467 a
326 1418 482 1494 corpore
504 1392 706 1483 distindlas,
733 1407 880 1472 ornnem
895 1393 975 1492 illa·

121 1513 204 1566 rum
231 1495 359 1595 agendi
385 1496 579 1582 virtutem,
602 1492 731 1568 omnes
757 1494 971 1591 qualitates,

121 1591 161 1665 dr
204 1593 379 1690 quidquid
416 1590 644 1671 Aristotelem
689 1594 727 1668 ἃ
761 1595 971 1694 Peripatum

91 1721 94 1725 ·
121 1689 210 1765 olet.
266 1692 352 1764 Non
379 1690 520 1789 disputo
545 1716 644 1767 nunc
668 1694 715 1767 de
739 1693 816 1781 his,
834 1718 885 1767 an
911 1715 968 1767 rea

121 1785 178 1864 ere
203 1809 268 1863 aut
289 1812 478 1890 perperam
501 1791 538 1866 in
554 1789 783 1893 Philosophia
808 1789 965 1877 statuan-
1006 1850 1013 1867 ,

120 1906 206 1962 ture
236 1886 325 1963 illud
356 1892 559 1976 contendo,
598 1890 729 1968 melius
761 1917 782 1967 a
819 1890 965 1966 Medico

117 2004 264 2086 tempus
296 1983 516 2061 collocatum
548 1984 613 2075 iri,
631 1987 668 2060 'fi
704 1983 965 2079 edodiissimis

114 2083 213 2159 libris
225 2106 323 2160 -ante
352 2108 396 2159 ac
426 2083 504 2187 post
529 2086 608 2159 haec
643 2083 734 2160 bella
759 2084 965 2162 scholastica

71 2200 84 2213 '‘
114 2182 252 2282 scriptis
276 2184 488 2276 morborum
507 2182 644 2272 sontes,
663 2183 836 2279 indolem,
854 2185 963 2286 figor,

113 2280 276 2371 effedios,
300 2285 472 2372 remedia,
496 2284 690 2359 herbarum
713 2284 870 2382 maxime
890 2287 981 2359 vir-·

113 2401 227 2467 tutes,
251 2380 290 2458 dr
313 2383 481 2458 medendi
505 2383 721 2461 methodum
748 2404 831 2462 toto
856 2388 962 2460 cona·

80 2480 84 2499 “
111 2500 155 2555 tu
180 2480 348 2556 addiscat.
401 2483 532 2559 Parum
558 2482 724 2566 interest,
751 2482 822 2559 five
839 2485 959 2573 dicas,

110 2601 264 2683 omnem
283 2582 360 2654 vim
387 2579 559 2659 sentiendi
581 2584 804 2683 vivendique
828 2582 962 2681 pende·

108 2699 150 2753 re
173 2702 196 2751 a
219 2677 477 2770 mechanismo,
493 2682 531 2756 dr
556 2683 602 2756 ad
624 2683 744 2775 hujus,
759 2681 858 2783 leges
871 2705 961 2756 cun·

108 2771 166 2850 &a
190 2778 351 2864 moveri,
378 2776 448 2853 srve
471 2782 627 2855 animam
654 2783 843 2867 admittas,
876 2803 958 2879 quae

98 2873 165 2947 nis
197 2875 365 2975 omnibus
397 2878 631 2969 dominetur3
664 2892 792 2979 parum
823 2879 956 2968 refert,

103 2994 196 3046 num
220 2977 568 3063 medicamentorum
594 2980 710 3053 virtus
729 2979 957 3076 acorpuscua

105 3069 228 3145 lorum
252 3073 337 3163 fito,
365 3072 501 3183 figura,
534 3076 630 3150 mole'
647 3123 660 3163 ,
675 3076 781 3156 loris
806 3097 871 3154 aut
895 3078 954 3150 lra-

105 3172 189 3267 mie,
215 3171 283 3248 &e
309 3171 567 3275 proficiscatur,
590 3173 694 3251 vel-a
717 3173 955 3349 qualitatppus

517 3302 525 3339 '³
697 3320 701 3331 ’
761 3292 769 3353 J
861 3334 864 3339 -
897 3293 951 3353 Οἳ·
