2086 3682
121 112 208 239 ἕῳ
340 148 343 159 ’
439 115 566 236 Capri
601 112 650 208 V
646 113 702 206 lr

121 278 243 360 tarum
270 298 395 355 motus
426 283 580 355 nimium
612 299 793 381 quantum
825 279 972 357 intrica-

122 403 207 470 tus,
226 396 402 480 tantaque
420 380 579 469 ,siderum
602 379 780 479 velocitas
805 381 902 453 haud
930 381 993 477 fis

118 484 164 558 de
187 480 296 582 digna
319 480 378 553 fibi
404 480 610 568 videretur,
644 502 783 554 novum
819 478 967 579 systema

118 581 327 679 excogitare
365 579 424 655 vel
458 582 582 678 potius
620 578 815 653 instaurare
858 600 980 655 veros·

113 676 258 780 clepit,
293 679 394 775 quod
419 678 463 753 ab
496 700 541 753 eo
573 675 850 777 Copernicanum
883 680 968 753 dici·

39 841 43 845 .
115 796 188 852 tur.
257 776 328 850 Sed
360 777 423 851 vix
455 800 529 849 non
567 797 684 850 totam
714 774 802 850 cteli
827 777 968 852 machi·

115 900 202 951 narn
226 875 397 963 invertit,
432 876 519 948 dum
542 873 693 949 illam'in
719 875 884 950 ordinem
910 898 967 951 re·

113 977 237 1079 digere
264 971 456 1074 satagebat.
507 974 548 1049 Ei
568 997 701 1146 mapgno
728 996 814 1047 cum
837 972 974 1073 plausu·

89 1136 92 1141 .
111 1076 243 1177 ptaete'r
256 1072 344 1148 alios
359 1070 598 1148 alientiuntur
630 1094 842 1158 ereomnes,
856 1091 965 1172 quot·

111 1194 206 1275 quot
226 1172 405 1273 prioribus
423 1170 549 1247 seculis
563 1171 752 1248 Ecclesiam
774 1172 855 1258 Dei,
878 1169 963 1249 fidei

110 1280 331 1370 morumque
354 1268 573 1373 magistram,
596 1270 793 1369 reformare
816 1268 877 1345 vel
898 1292 962 1371 po·

109 1371 183 1445 tius
207 1392 375 1445 evertere
399 1370 527 1457 conati
547 1369 646 1457 sunt,
670 1372 743 1445 non
768 1370 844 1442 tem
869 1372 962 1447 veri-²

110 1471 197 1543 tatis
235 1491 348 1568 quam
382 1469 654 1544 contradicendi
691 1468 808 1542 studio
847 1466 958 1547 tuot.

89 1567 257 1643 :Coelum
282 1566 489 1642 universum
506 1568 734 1667 Copernicus
757 1563 868 1644 fluida
883 1590 960 1643 mr·

107 1669 199 1741 teria
233 1665 412 1764 repletum
443 1664 513 1740 elie
551 1662 765 1753 contendit,
797 1667 957 1767 planeta·
991 1700 994 1705 ·

104 1787 263 1865 rumque
278 1784 421 1839 motum
441 1760 546 1838 velut
566 1766 694 1839 evium
721 1764 758 1857 in
784 1789 868 1842 aere
890 1786 956 1843 aot

107 1858 252 1938 'iscium
280 1861 316 1934 in
343 1884 436 1963 aqua
457 1860 691 1937 liberrimum.
748 1864 876 1962 Qtare
902 1864 954 1941 so·

101 1886 185 2037 lldis
210 1963 376 2048 orbibus,
403 1962 528 2062 quales
553 1962 820 2040 Ptolomaicrrm
852 1961 959 2065 sylle'

101 2084 163 2136 ma
188 2059 391 2145 statuebat,
423 2064 554 2139 merito
585 2063 732 2138 exulare
762 2059 861 2157 juliis
885 2065 953 2138 cir·

41 2222 44 2227 .
101 2158 206 2234 culos
237 2158 492 2260 profaciliore
518 2162 696 2235 duntaxat
721 2159 951 2261 planetarum

99 2257 223 2332 cursus
263 2256 503 2357 explicatione
540 2259 727 2333 substituit.
812 2260 949 2337 Funda-

97 2356 363 2431 mentientem
389 2354 486 2445 loco,
513 2360 572 2439 cui
598 2376 715 2432 totam
740 2360 877 2459 ingenii
898 2361 948 2439 sut

96 2452 304 2529 machinam
331 2450 555 2557 superstitit,
584 2458 687 2554 ponit
710 2478 844 2533 terram
868 2484 946 2536 mo·

93 2554 186 2643 veri,
210 2550 319 2628 solem
346 2577 436 2630 vero
458 2553 647 2654 stellasque
673 2555 761 2634 fixas
787 2558 945 2657 quiesce·

93 2654 146 2728 ie.
204 2652 302 2726 Hinc
327 2652 437 2729 solem
462 2655 498 2726 in
526 2675 652 2731 centro
679 2657 804 2731 mundi
831 2657 943 2733 collo·

93 2770 182 2839 επ,
213 2752 320 2853 regiae
349 2751 418 2827 suae
453 2750 582 2827 finibus
614 2778 801 2855 nunquam
839 2778 943 2833 exce·

92 2850 260 2936 dentem,
293 2852 461 2949 quamvis
488 2853 583 2928 circa
608 2877 714 2928 axem
737 2852 839 2929 suum
864 2880 941 2932 mo·

88 2969 255 3025 beatur:
287 2968 421 3023 tetram
452 2975 541 3025 vero
571 2955 667 3027 inter
698 2952 863 3052 planetas
887 2978 940 3031 re·

86 3044 169 3120 fert.
231 3047 420 3126 Proximus
447 3048 554 3124 solem
580 3051 710 3125 circuit
734 3052 939 3131 Mercurius

85 3140 201 3251 spatio
227 3170 318 3248 pene
342 3149 535 3226 trimestria
564 3153 673 3249 hujus
694 3151 938 3256 velligiapre·

113 3262 117 3269 ’
470 3294 477 3309 ι
867 3254 936 3330 mit
