2084 3698
33 116 38 125 ι
128 184 218 274 204
299 234 306 245 ..
397 218 401 226 ·
438 156 566 277 Caput
599 146 724 279 VIII.

127 321 215 421 que‘
226 334 361 421 angore
379 319 570 404 sociatum,
592 322 681 395 dum
703 322 739 394 in
756 343 827 394 una
842 323 977 422 cogita·

128 429 233 495 tione
265 443 368 493 mens
396 418 673 520 pertinacissime
700 418 901 517 defigitur,
942 421 980 496 δε

123 521 234 597 velut
250 518 470 613 absorbetur.
499 521 765 619 »Nuncupatur
776 519 886 591 animi
903 542 981 593 cor·

127 622 305 717 purisque
323 634 456 698 tortor.
478 614 659 717 flagellum
687 617 788 715 &op
818 618 980 707 robrium

46 754 49 763 =
126 716 393 793 Medicorum:
440 714 563 813 estque
586 716 655 790 alia
673 642 876 817 Cepbniicn,
912 717 981 790 alia

125 802 487 918 Hypocbondrincma
507 816 601 903 inno,
614 815 674 889 ubi
691 814 777 889 maii
797 814 894 889 sedes
910 815 980 912 pri·
1014 862 1019 872 ·

126 918 242 991 maria
256 913 319 1000 est,
331 913 375 988 src
392 912 496 987 diua.
549 914 740 1014 Originum
760 915 874 989 trahir
891 914 979 989 evi·

128 1018 182 1090 rio
202 1014 404 1112 spirituum,
430 1014 492 1113 qui
518 1035 632 1109 quum
662 1014 791 1087 natura
813 1012 873 1087 sua
897 1012 981 1112 puri

128 1112 200 1191 effe
224 1112 411 1196 deberent,
424 1111 549 1197 lucidi,
563 1130 712 1199 tenues,
735 1109 879 1185 subtiles
892 1135 980 1185 cum

128 1212 300 1289 ordinato
318 1231 438 1295 motu,
450 1210 653 1285 redduntur
665 1211 783 1310 opaci,
803 1206 978 1309 spirinful·

127 1312 213 1411 gine
234 1307 377 1409 aspersi,
401 1309 553 1409 fixique,
576 1311 639 1408 qui
659 1332 781 1385 rerum
803 1310 981 1409 imagines

127 1408 233 1482 velut
252 1409 380 1482 umbra
406 1432 476 1487 aur,
490 1410 647 1485 tenebris
663 1400 837 1484 ob'duCias
852 1430 981 1508 reprae·

128 1507 281 1581 sentant.
337 1500 549 1606 Gig'nuntur
568 1531 660 1582 vero
682 1508 824 1606 spiritus
840 1508 878 1580 hr
904 1530 980 1582 ma·

126 1604 215 1705 ligni
241 1632 261 1680 e
278 1605 447 1706 sanguine
465 1604 595 1692 craffo,
620 1605 833 1707 foenicum,
852 1606 981 1693 acido,

125 1708 238 1804 inque
254 1727 358 1778 motu
374 1706 435 1778 suo
451 1705 558 1778 vaide
578 1708 767 1799 impedito,
783 1723 849 1777 aut
868 1727 890 1777 e
911 1702 980 1778 fer-

125 1826 252 1875 mento
275 1803 464 1886 stomachi,
497 1803 676 1899 iuccoque
710 1803 914 1900 pancreatis
943 1803 981 1878 δι

124 1899 227 1977 lienis
243 1901 389 1985 vitiare,
405 1923 479 1999 quo
499 1901 775 1998 hypochondria
790 1900 980 1975 obstruun-

126 2022 198 2087 tur,
213 2001 249 2075 ὅ(
271 2021 415 2074 meatus
434 1998 523 2074 iiber
538 2000 723 2098 spirituum
739 2002 978 2100 intercipitur.

197 2173 362 2271 Rhenum,
374 2176 630 2261 catarrhus,est
643 2179 833 2253 humidum
845 2180 907 2256 seri
916 2181 978 2257 seu
1002 2191 1007 2200 '

125 2274 283 2375 lymphae
304 2272 401 2346 faisae'
418 2277 453 2347 &
470 2277 561 2347 acris
583 2300 603 2350 e
621 2279 768 2352 cerebro
785 2280 979 2379 glandulis·

128 2400 199 2472 que
220 2376 347 2447 vicinis
368 2372 577 2460 oculorum,
595 2373 777 2465 faucium,
797 2379 976 2478 iaryngis,

125 2473 254 2571 asperae
275 2473 434 2557 arteriae,
461 2473 498 2544 in
518 2493 639 2570 partes
660 2474 846 2551 inferiores
862 2477 977 2553 deflu-

126 2573 250 2663 vium3
276 2570 374 2675 quod
389 2568 410 2643 sl
431 2593 515 2644 cum
529 2573 669 2671 impetu
689 2595 784 2661 ruat,
801 2600 875 2651 non
890 2601 977 2679 pau·

126 2672 159 2744 ei
179 2666 365 2745 obstruens
382 2668 446 2743 res
460 2671 573 2744 irandi
595 2672 630 2744 in
648 2672 878 2770 pulmonibus
892 2677 975 2765 viis,

125 2771 164 2844 &
185 2767 349 2871 oppreiio
370 2793 416 2867 pe
454 2793 516 2843 ore
539 2768 769 2846 suffocantur.
823 2776 975 2850 Morbus

122 2869 185 2943 hic
208 2888 330 2941 ortum
349 2868 447 2940 suum
469 2868 570 2942 ducit
591 2867 652 2944 vel
673 2873 716 2944 ab
732 2875 885 2948 humore
901 2877 976 2952 acri

122 2991 168 3041 ex
182 2967 360 3042 fermento
385 2968 453 3039 cibi
475 2990 548 3041 non
564 2970 655 3042 bene
677 2970 801 3069 digesti
829 2995 894 3047 aut
913 3000 976 3047 na·

122 3084 205 3140 tura
221 3068 280 3138 ina
302 3066 371 3138 falfi
394 3067 558 3163 aridique
586 3068 798 3144 nicendente
816 3074 851 3143 in
875 3072 973 3163 gian-

113 3165 235 3262 duias‚
256 3167 391 3272 quibus
411 3166 532 3243 [erum
546 3163 637 3243 iiius
660 3192 703 3241 ae
724 3152 974 3334 iynrpha'cpn·

938 3293 982 3335 Ἃ·
