2086 3682
232 164 541 259 Arruntium
568 167 710 262 Ciuilis.
799 182 805 191 ’
838 202 926 289 239

65 318 187 404 duras
209 352 339 407 omnes
361 334 409 407 ad
436 334 736 433 perpendiculum
754 337 858 438 erigi,
879 362 924 414 ac

58 431 102 503 in
133 430 329 507 horizonte
359 430 465 506 statui
503 454 663 533 oportet.
740 437 839 511 Muri
876 460 924 513 ex

65 529 253 699 puadratis
276 528 457 633 lapidibus
486 549 553 604 aut
581 531 748 607 lateritiis
771 558 924 638 compo·

76 629 117 701 rti
131 628 300 702 omnium
322 626 518 705 firmillime
538 651 863 733 coagmentanmr,
897 634 923 709 li

64 724 290 827 superiorum
309 728 472 829 lapidum
493 726 604 804 strues
625 732 758 831 jungat
775 732 923 811 inlerio·

63 848 144 899 mm
163 824 433 914 commissuras,
454 852 589 927 easque
614 828 720 906 velut
746 831 922 906 constrin-

63 944 137 1025 gat.
189 926 401 1025 Superiores
417 950 566 1027 quoque
587 932 682 1005 muri
702 950 825 1026 partes
839 928 921 1031 post

63 1020 265 1101 absolutam
288 1026 451 1122 cujusvis
481 1026 766 1125 contignationis
794 1027 918 1103 altitu·

62 1124 185 1201 dinem
237 1122 467 1202 inferioribus
507 1122 598 1198 fiant
646 1124 917 1203 contradictus.

62 1222 135 1298 Ρη
166 1220 317 1323 reliquis
346 1222 467 1299 firmas
494 1225 616 1299 reddit
640 1227 735 1299 aedes
762 1248 806 1299 ea
836 1250 919 1326 par·

62 1319 153 1396 tium
177 1321 403 1413 distributio,
436 1348 510 1420 qua
538 1324 575 1398 in
599 1347 749 1399 ornnem
772 1346 920 1427 partem

60 1442 163 1523 aqua
185 1422 329 1498 ratione
343 1422 540 1512 librantur,
563 1423 680 1497 itaut
702 1447 749 1499 ex
769 1438 846 1499 uno
868 1422 919 1499 la·

61 1541 139 1596 tete
161 1520 304 1596 nullum
320 1521 402 1623 plus
420 1521 514 1619 justo
534 1525 682 1622 gravius
702 1526 847 1623 pondus
860 1520 925 1598 re-'

61 1621 252 1719 periatur,
285 1645 396 1719 quarn
415 1644 462 1695 ex
486 1620 613 1695 altero.
681 1622 794 1697 Porto
818 1622 918 1723 ligna

59 1720 221 1819 undique
243 1718 401 1795 obducta
421 1720 510 1795 limo
536 1744 683 1795 vermes
705 1720 833 1821 procul
861 1745 917 1795 ar-

60 1837 167 1906 cent,
181 1815 243 1893 vel
256 1818 365 1894 serius
380 1822 601 1909 admittunt,
614 1819 771 1895 afferunt
798 1844 845 1893 ue
863 1822 916 1896 in·

60 1913 157 2016 ligne
178 1928 306 1990 contra
328 1919 488 1994 Vulcani
518 1916 679 1994 furorem
701 1846 916 2019 presidium.

59 2014 240 2088 Praeterea
267 2012 425 2091 fornices
446 2016 631 2087 firmandis
653 2021 789 2090 adibus
804 2021 916 2093 ,vires

59 2110 325 2207 subministrant
344 2114 454 2213 longe
478 2112 666 2183 maximas.
697 2116 789 2185 Sunt
802 2117 839 2186 hi
853 2138 917 2187 au·

60 2228 138 2289 tem
159 2209 343 2286 strudurae
365 2211 522 2286 arcubus
542 2208 574 2283 la
602 2208 691 2282 ideis
712 2230 919 2300 contexta,
985 2242 988 2247 ·

60 2312 295 2411 serviuntque
322 2310 383 2386 vel
406 2312 476 2384 toti
502 2232 654 2382 adsero
687 2307 747 2383 vel
772 2309 919 2408 quibus·

59 2413 144 2486 darn
166 2408 261 2483 illius
284 2413 447 2509 partibus
467 2408 643 2510 tegendis.
694 2410 838 2484 Horum
854 2434 919 2484 va·

58 2510 119 2584 riae
133 2508 215 2581 sunt
233 2506 382 2583 formae:
418 2502 768 2608 Hemicylt'ndricur,
803 2506 920 2599 Testu-

60 2604 100 2683 do
123 2602 343 2694 delumbata,
388 2603 636 2693 Umbilicalis,
670 2604 920 2706 Hemisphaeri·

63 2730 128 2783 cus.
180 2709 269 2782 Non
289 2730 379 2781 vero
404 2708 619 2781 admittendi
638 2706 721 2780 sunt
743 2706 918 2795 fornices,

60 2808 120 2882 ubi
144 2806 255 2882 latior
277 2802 452 2879 strubiura
478 2806 635 2904 tegenda
659 2798 834 2890 occurrit,
858 2803 920 2881 sed

61 2926 138 2981 tum
163 2909 289 3007 potius
320 2905 399 2977 duae
433 2925 555 2978 tresve
580 2904 919 2979 concamerationes

59 3005 128 3081 suis
151 3008 284 3080 innixae
310 3002 489 3077 columnis
512 3003 594 3076 fiunt
619 3004 808 3100 erigendae.
879 3000 918 3077 Si
993 3076 996 3083 ,

61 3105 202 3181 nullum
239 3102 369 3177 fornici
407 3124 500 3176 onus
541 3102 751 3187 incumbat,
790 3097 916 3177 versut

59 3210 202 3303 partem
229 3202 449 3303 superiorem
471 3198 589 3279 veluti
613 3223 678 3302 per
700 3200 834 3301 gradus
861 3192 930 3313 pel

808 3318 917 3377 nurus·
