2086 3682
359 154 617 270 Astronomt'o.
854 183 942 274 407.

86 336 129 393 to
150 343 191 393 ι
220 319 361 418 priore,
386 345 496 419 quem
533 320 611 421 post
642 319 944 420 dereliquerant,

88 418 284 492 Meridiani
317 418 399 493 loco
435 419 563 494 distare
593 422 942 520 deprehenduntur:

87 516 243 616 planetae
266 539 390 592 autem
420 519 617 594 secundum
645 519 767 593 cursus
794 521 844 592 sui
871 541 945 596 tar·

87 616 199 691 diotis
230 638 296 691 aut
319 617 513 692 velocioris
542 618 744 693 mensuram
775 622 944 717 (nempe

88 716 268 799 Saturnus
303 718 453 789 minutis
486 716 562 792 fere
596 720 766 803 duobus,
800 719 944 818 Jupiter

87 814 175 913 quin
230 838 264 900 e,
280 816 379 889 Mars
406 818 528 890 medio
555 817 699 890 circiter
725 820 853 915 gradu,
868 819 942 890 Ve-

205 838 227 887 u

86 840 221 987 nuslt
247 916 450 988 Mercurius
476 918 540 988 vix
564 939 639 989 non
663 937 753 1002 uno,
778 917 840 991 Sol
863 939 947 1089 pta·

92 1013 143 1085 du
168 1015 333 1112 integro,
366 1014 454 1087 luna
479 1014 635 1112 denique
662 1015 836 1088 tredecim
883 1038 946 1090 ete

88 1111 290 1213 gradibus)
321 1114 416 1187 intra
440 1114 537 1185 idem
565 1133 690 1187 motus
717 1114 835 1186 diurni
868 1111 945 1215 spa·

88 1212 183 1283 tium
216 1208 339 1284 versus
372 1232 494 1285 ortum
530 1238 550 1286 a
584 1213 787 1286 Meridiano'
826 1237 944 1290 remo·

88 1329 235 1383 ventur.
313 1311 420 1385 Patet
445 1311 557 1409 igitur
566 1359 577 1397 ,
612 1311 723 1385 fidera
747 1313 941 1402 universa,

89 1407 181 1481 dum
204 1410 367 1483 motibus
394 1409 495 1483 volvi
530 1412 720 1486 contrariis
745 1414 942 1510 adparent,

88 1530 165 1583 uno
190 1510 311 1606 eoque
334 1505 595 1584 ordinatifflmo
621 1529 727 1584 motu
753 1536 818 1608 pet
841 1512 945 1610 liqui·

90 1607 156 1681 dns
186 1610 368 1683 coelotum
408 1606 550 1684 semitas
589 1608 689 1684 nulla
729 1632 769 1683 re
802 1633 943 1684 moram

89 1706 277 1879 ifpjrirpiente
290 1754 303 1795 ,
337 1728 403 1783 aut
435 1707 553 1785 cursui
584 1707 748 1785 obstante
789 1711 953 1789 circum.

90 2096 94 2101 Ι
168 2004 308 2079 Verum
335 2006 504 2104 quamvis
527 2005 605 2076 haec
634 2005 685 2076 ita
712 2004 945 2093 rehabeant,

89 2104 131 2179 &
159 2124 286 2197 motus
320 2105 486 2178 omnium
527 2100 679 2175 fiderum
717 2102 848 2175 unicus
880 2101 946 2190 stt,

90 2199 333 2304 multiplicem
372 2222 498 2277 tamen
537 2201 708 2277 exhibere
740 2203 862 2274 denuo
894 2199 948 2275 le·

92 2298 185 2377 uoti
218 2293 334 2401 polcit
366 2298 536 2376 dodlrinae
569 2302 742 2375 theorice
781 2298 872 2375 ordo
908 2298 949 2374 dc

92 2398 271 2477 claritatis
297 2400 462 2475 studium.
532 2406 656 2498 Atque
679 2398 842 2501 inprimis
865 2421 951 2474 mo·

92 2518 155 2573 tus
181 2496 246 2572 soli
271 2523 357 2573 cum
381 2499 520 2598 reliquo
548 2498 699 2572 fidorum
715 2502 829 2574 choro
846 2521 947 2573 com·

92 2600 229 2683 munis,
247 2596 306 2672 seu
334 2599 485 2672 diurnus
508 2602 649 2695 (quern
676 2620 799 2673 motus
826 2612 950 2672 ratus

92 2702 267 2793 vocant)
293 2696 353 2785 eli,
367 2722 442 2797 quo
468 2696 665 2772 secundum
688 2696 830 2799 probati
873 2718 951 2770 mas

94 2796 398 2871 Astronomotum
433 2797 705 2871 observationes
753 2820 827 2867 una
864 2817 952 2869 cum

94 2894 329 2971 firmamento
355 2914 420 2969 aut
443 2898 560 2996 primo
589 2894 714 2970 mobtli
739 2896 784 2968 ab
806 2912 892 2966 ortu
911 2893 951 2967 ln

94 2993 386 3071 occasun-intra
411 2995 542 3094 viginti
593 3014 728 3070 uatuor
754 2994 863 3066 horas
893 2992 954 3065 ab·

95 3097 227 3194 ripitur
270 3114 374 3167 tanta
405 3116 491 3167 cum
532 3020 747 3177 celeritate,
794 3111 838 3163 ut
875 3089 956 3162 oni·

97 3216 142 3271 co
167 3198 267 3272 horae
299 3197 444 3270 minuto
481 3214 657 3289 13471,
689 3192 780 3269 hora
811 3191 957 3286 integra'

452 3290 559 3386 Cc5
784 3295 953 3378 808260,
