2086 3682
71 77 80 125 =.
116 130 177 219 9ο·
353 106 481 226 Caput
499 104 579 198 IV.
607 100 771 197 Fabrlca

25 330 32 357 ,
116 269 349 365 superiorem-
384 272 423 347 δι
460 269 669 353 inferiorem
712 266 961 371 distinguatur.

114 366 256 445 Colore
279 372 471 470 tinguntur
494 371 610 449 rubeo
634 372 672 447 in
695 367 815 457 foetu,
842 367 882 443 in
901 370 963 444 ad·

103 468 202 543 ultis
227 492 316 557 veru
344 466 560 555 flavescente
574 488 650 545 aut
673 465 843 557 cinereot
869 489 980 544 com.

114 565 209 641 stant
231 589 355 653 autem
381 568 548 655 duobus.
562 589 677 677 ,quos
691 560 959 653 voc'anrlobu,

112 665 151 739 ὁ(
176 668 330 765 geminis
361 667 426 742 alis
441 666 635 767 ‚alpetae-
652 666 791 756 arteria
828 684 958 742 πωπω

110 765 270 840 adnexis.
322 768 363 867 ln
381 768 458 843 hac
469 762 590 867 aspera
606 767 746 854 arteria
759 762 965 864 respiratio·

107 865 165 939 nis
189 863 378 965 negotium
404 863 609 952 conficitur,
633 861 955 955 ‘conservandeui

108 979 157 1038 tae
181 984 372 1065 tantopere
397 963 654 1060 necessarium,
686 962 775 1036 dum
808 958 986 1037 haustus·

65 1132 68 1141 ,
107 1058 335 1139 aer'follium
359 1063 466 1138 instar
498 1062 574 1139 alas
597 1062 817 1165 pulmonum
848 1058 958 1153 attul-

106 1157 172 1247 lit,
231 1181 286 1234 uae
310 1160 449 1236 rursum
479 1163 518 1237 in
545 1159 579 1237 se
604 1161 810 1237 recidentes
835 1181 982 1249 aetem.

61 1262 64 1267 ⁴
106 1186 312 1357 expellunt,
338 1263 402 1359 qui
425 1259 572 1336 alternis
596 1262 649 1336 ita
671 1260 816 1334 vicibus¹
840 1259 955 1333 conti·

106 1380 191 1432 nuo·
206 1359 244 1431 in
268 1358 306 1433 &
330 1361 538 1459 exspiratur.
596 1361 722 1462 Caput
746 1356 878 1460 aspera
900 1376 955 1433 at·

103 1456 204 1531 tariae
226 1455 354 1558 latynx
380 1461 423 1534 ad
472 1458 594 1548 ilatur,
620 1460 658 1535 δι
678 1482 704 1535 o
732 1455 856 1535 arculo
881 1478 955 1532 car·

100 1554 274 1658 tiiagineu
298 1556 407 1631 instra
471 1568 508 1634 tn
530 1558 583 1636 eii
607 1483 805 1662 Epiglttir
829 1552 950 1633 dille:

103 1656 278 1755 cartilago
304 1657 382 1730 haec
405 1658 499 1731 intra
522 1659 686 1732 cardines
704 1656 848 1732 mobilis
863 1657 951 1734 aliu

103 1753 223 1829 ereda
248 1753 328 1839 liat,
347 1774 586 1854 apertumque
608 1757 680 1833 iter
706 1754 780 1831 aeri
801 1757 948 1855 prabet.

98 1856 153 1927 At
176 1852 238 1927 ubi
262 1852 362 1927 cibos
381 1851 620 1954 deglutimus,
645 1854 722 1955 ipso
746 1852 948 1956 deglutien-

100 1951 138 2026 di
163 1972 301 2045 conatu
332 1951 512 2028 clauditur
534 1954 759 2056 impediens,
787 1976 834 2027 ne
891 1951 946 2041 fd

100 2050 148 2127 ad
171 2053 362 2153 pulmones
387 2053 577 2140 deveniat,
609 2053 708 2127 simul
738 2050 779 2125 dt
811 1975 944 2127 Γυδῖζίἰ

97 2152 221 2251 pontis
241 2151 349 2226 instar
372 2155 469 2226 viam
495 2152 653 2227 sternens
689 2150 777 2224 cibis
797 2145 944 2323 ἅπ-

97 2256 230 2325 terum'
244 2249 405 2324 canalem
430 2249 561 2352 aspera
594 2250 731 2326 arteria
756 2270 796 2322 ar
835 2249 842 2264 “
886 2269 943 2321 me

96 2350 352 2433 cohaerentem,
361 2347 494 2423 scilieet
509 2343 748 2450 Odophngum
758 2370 824 2447 per
833 2369 941 2448 quern

39 2458 43 2465 ’
93 2448 313 2526 alimentum
334 2447 518 2522 stomacho
542 2450 762 2523 immittitur.
796 2447 942 2522 Exha-

91 2562 185 2624 tum'
208 2549 367 2647 partium
406 2547 606 2621 admirabili
648 2541 823 2621 structura
860 2545 938 2623 saue

87 2646 938 2845 illinitidulltctltlssldti‘ti

87 2869 136 2922 ne
156 2846 303 2947 quidem
322 2843 538 2944 respiremus
554 2867 623 2920 uec
643 2845 881 2922 comedamus
898 2841 936 2919 li·

87 2969 135 3021 ne
158 2950 295 3027 naturae
320 2944 497 3046 prodigio.

753 3289 758 3303 .
836 3212 929 3313 m·
