2086 3682
75 84 240 209 ,7108
430 156 462 169 --
511 58 639 214 Capul
679 96 731 187 V.-
776 96 780 105 ’

150 288 195 340 ro
221 282 266 338 ut
287 261 393 350 dixi,
423 261 461 349 in
491 261 658 334 motione
688 261 848 360 partium
877 257 1004 339 liuida·

150 388 256 451 rum,
280 361 460 460 praecipue
487 358 690 459 sanguinis,
716 359 756 434 dr
781 354 1004 436 relaxatione

152 458 476 559 contradioneque
496 458 698 547 lolidarurn.
739 486 743 505 ¹
765 460 900 557 Neque
924 482 1001 534 con·

151 561 369 636 temnendas
404 558 513 651 hujus
546 555 614 632 luae
639 558 821 656 opinionis
845 560 1000 633 rationes

106 680 110 685 ·
150 661 352 736 adducunt.
406 658 556 756 Quippe
581 658 678 755 apud
703 655 907 750 cholericus
927 656 1000 731 san·

149 762 233 860 guis
263 756 400 832 calidus
434 756 471 831 dr
505 757 664 841 lubtilis,
702 778 818 854 quum
852 756 999 831 celerior

148 882 216 958 per
239 859 427 949 cercinum
450 855 604 954 ejusque
630 855 774 928 tunicas
789 854 999 955 impellitur,

144 960 309 1033 animam
334 952 452 1027 veluti
475 956 605 1029 incitat
629 956 676 1029 ad
700 952 901 1035 celeret&
916 974 999 1056 prae·

150 1058 281 1150 cipites
307 1051 488 1139 adliones,
513 1054 559 1127 a'd
585 1054 694 1138 iram,
719 1053 933 1140 audaciam,
950 1073 999 1137 tu·¹

55 1238 58 1247 .
147 1157 370 1242 meritatem,
395 1148 647 1240 contumelias,
675 1150 869 1227 seditiones
885 1153 1000 1243 &hc-

60 1322 63 1327 .
146 1253 305 1327 micidia.
359 1253 498 1350 ·Apud
526 1249 818 1341 ‘melancholicos
860 1251 1000 1353 languit

146 1349 269 1449 spillns
293 1349 331 1424 &
356 1350 501 1450 gravis,
535 1369 642 1425 motu
664 1347 825 1425 multum
850 1350 1000 1450 impedi·

141 1468 189 1525 to
214 1446 434 1524 transmissus
460 1468 610 1548 torpore
632 1447 695 1524 luo
720 1447 998 1550 inclinatpltan·

145 1546 271 1624 rafiam
306 1550 352 1620 ad
376 1548 551 1648 imagines
582 1549 639 1622 his
663 1549 890 1641 motionibus
914 1572 1011 1627 cono,

143 1650 347 1727 venientes,
372 1649 418 1721 ad
443 1648 667 1734 vecordiam,
695 1647 885 1733 tristitiam,
907 1644 994 1723 diffi-

144 1746 328 1829 dentiam,
350 1742 598 1841 suspicionem,
625 1746 993 1846 desperationem&t.

142 1844 274 1942 Apud
290 1842 503 1944 sanguineos
538 1842 641 1919 lluidi
672 1844 891 1946 limpidique
927 1847 994 1921 ltu·

49 2024 52 2029 ,
143 1964 266 2017 mores
296 1966 361 2043 per
384 1966 495 2019 venas
528 1944 567 2019 δι
591 1948 740 2020 arterias
753 1994 766 2030 ,
800 1944 993 2044 prasertim

27 2088 31 2101 ·
143 2043 302 2140 capitis,
336 2041 511 2117 inoffenso
536 2043 629 2141 pede
653 2062 799 2127 meant,
821 2045 992 2120 reddunt·

62 2228 65 2239 Ι
143 2164 217 2238 que
241 2143 407 2213 homines
432 2143 527 2214 curis
560 2164 698 2217 vacuos
714 2190 738 2230 ,.
754 2142 990 2233 mansuetos,

142 2238 330 2323 affabiles3
371 2239 467 2313 unde
500 2238 640 2339 plerum
669 2265 716 2315 ue
751 2241 833 2317 sunt
866 2246 997 2318 incon.

140 2337 235 2423 sulti,
260 2338 306 2410 de
332 2334 466 2421 futuris
489 2361 619 2436 parurn
645 2265 785 2428 loliciti,
810 2341 848 2416 dt
870 2338 988 2417 remis·

138 2435 177 2523 fi,
202 2435 376 2543 fimulque
396 2435 469 2510 leti
495 2460 538 2511 ac
562 2437 705 2513 hilares.
765 2442 877 2539 Apud
891 2439 986 2540 phle-

109 2562 111 2567 ·
137 2537 340 2635 gmaticos,
372 2535 613 2633 quorumsan
639 2541 695 2611 uis
719 2538 902 2634 aquosus,
934 2556 985 2615 at·
1033 2592 1035 2609 ,

136 2658 211 2733 que
236 2635 284 2708 ob
307 2630 492 2737 spirituum
519 2561 700 2716 defelun
725 2636 861 2711 lentius
876 2662 984 2736 quam
1032 2634 1035 2687 ¹

134 2753 304 2834 oportet,
328 2735 498 2808 incedens
521 2732 639 2809 adfert
664 2738 867 2836 pigritiam,
893 2737 981 2813 lom·

133 2833 346 2918 nolentiam,
357 2833 603 2921 timiditatem,
626 2832 821 2920 lentorem,
833 2832 1000 2914 landio-

133 2954 272 3034 nesque
294 2952 421 3010 omnes
435 2928 632 3034 plurimum
646 2936 818 3012 retardat.

876 3202 972 3283 xxi.
