2086 3682
151 154 157 163 μ
208 132 211 137 ’
267 100 321 198 tr
347 26 498 193 nnn
525 97 732 233 urruns..
900 49 926 214 7'

63 312 89 352 n
107 261 300 357 cuniculos
340 257 422 341 estis
465 264 575 373 iipem
609 265 705 365 ipfi,
749 260 927 364 pascimus

63 411 88 453 ‚‚
108 386 378 461 nonnunquam
431 352 614 464 imperitia
658 361 777 440 nostra
818 360 928 436 risum

62 468 88 551 ,'‚
111 458 358 550 obsessorum,
387 461 459 537 ἃς.
535 469 625 538 Non
657 464 731 538 aba·
751 486 791 538 re
814 458 927 536 fabiu-

62 586 147 637 rum
182 581 244 637 me
276 561 450 650 arbitror,
497 559 520 636 st
573 563 672 649 Petri
712 562 820 636 Rami
846 585 928 660 gra·

62 657 242 736 viffimam
287 656 532 749 sententiam,
567 686 643 763 qua
677 656 927 739 neceiiitatem

28 780 105 834 ‘ac
131 759 333 835 utilitatem
375 760 583 836 Matheseos
611 761 847 839 commendat
879 759 926 834 ad

63 857 173 943 finem
208 859 290 930 libri
321 861 427 957 primi
458 862 503 934 de
530 860 651 935 schola
687 853 925 939 Mathemati-

64 982 124 1046 ca,
170 960 208 1032 in
236 960 398 1033 medium
431 957 603 1035 adferam.
678 961 765 1036 Erat
797 978 924 1033 autem

63 1060 232 1136 Remus‘
263 1076 432 1160 tempore
480 1059 613 1133 Caroli
644 1059 715 1135 IX.
744 1056 945 1154 'Profeffor‘

19 1189 21 1193 ·
63 1158 202 1258 Regius
233 1153 430 1231 Parifiensrs
451 1157 697 1245 Academia,
732 1158 773 1232 in
812 1179 936 1257 quam·

61 1251 267 1358 neglectum
312 1257 519 1332 Matheseos
554 1256 711 1333 studium
754 1257 923 1356 improbo

60 1353 214 1442 labore,
246 1377 316 1428 nec
354 1355 424 1431 stne
459 1355 840 1457 ingentiaemulorum
870 1357 923 1437 in·

48 1454 159 1533 'vidia
177 1452 343 1528 induxit
377 1482 393 1489 ··
408 1457 530 1530 Verba
554 1455 649 1531 illius
672 1457 815 1543 recito,
867 1460 878 1471 “’
894 1454 923 1529 i·

50 1553 127 1628 bus
155 1553 396 1629 catharinam
418 1556 621 1631 Mediceam
639 1556 816 1656 Reginam
834 1553 945 1630 alo··.

59 1659 218 1754 quitur:
284 1700 309 1740 ‚‚
334 1655 586 1752 Quamobrem
624 1654 733 1729 fitot
757 1653 921 1751 talesque
960 1735 964 1741 ,

19 1815 22 1819 ,
57 1799 83 1841 ,,
100 1753 357 1828 Mathematici
396 1757 600 1847 (nimirum
625 1755 816 1853 Veteres)
842 1749 920 1827 fato

57 1851 224 1950 ‚,··uliquo
255 1852 302 1925 ab
325 1848 449 1952 inferis
480 1855 518 1929 in
542 1856 638 1930 hanc
672 1852 794 1931 iucem
827 1852 921 1925 redi·

38 1997 82 2041 ,,,
96 1951 196 2027 vivis
237 1953 450 2053 corporibus
491 1955 640 2031 excitati
702 1974 744 2028 ro
780 1949 920 2029 foribus

52 2080 80 2138 „¹
96 2071 171 2129 tuae
205 2049 362 2128 Basilicae'
383 2050 596 2140 adstarent,
621 1977 845 2151 postularent
871 2072 920 2125 ue

54 2196 80 2239 ‚,
94 2169 143 2223 art
174 2149 214 2222 in
246 2150 448 2243 Auditorio
480 2152 596 2248 Regio
629 2151 812 2253 perceptis
846 2075 920 2223 ari·

56 2249 169 2339 „diis
193 2247 478 2331 Grammatieae,
516 2251 746 2337 Rhetoricae,
772 2249 919 2344 Logicae

55 2349 289 2449 „proximus
322 2369 417 2426 ante¹
433 2348 619 2450 Pbyficam
638 2347 692 2423 ,bt
727 2347 918 2425 Politicam

54 2495 79 2537 „
95 2448 339 2528 Mathematis
372 2448 478 2525 locus
505 2448 593 2526 effer
623 2448 830 2535 octonos,
856 2469 916 2521 ne·

54 2570 167 2646 „oue
195 2547 371 2641 juventus
385 2595 398 2636 ,
426 2546 488 2623 nist
512 2548 747 2627 Mathematis
773 2532 917 2645 erudita

52 2648 137 2736 „ad
170 2645 360 2750 Physicam
400 2647 439 2725 δι
472 2647 663 2739 Politicam
704 2647 916 2724 admittere·

53 2792 80 2835 „
97 2766 371 2835 tur,.rnoveret
394 2742 538 2847 opinor,
565 2745 809 2846 praestantium
835 2766 917 2844 per·

54 2891 77 2933 ‚,
101 2845 274 2921 sonarum
315 2846 545 2935 authoritas,
583 2846 622 2921 &
655 2844 914 2946 postulantium

53 2946 253 3046 „dignitas
308 2967 384 3021 rem
440 2969 506 3045 per
552 2943 586 3045 se
634 2942 762 3038 justam
802 2963 914 3042 atque
965 2984 973 3023 ·,

53 3044 293 3146 „optabilem
332 3041 475 3119 facilius
506 3045 731 3142 impetraret.
752 3100 755 3105 a
800 3018 842 3115 bt
868 3040 933 3114 ad‘

53 3146 185 3233 „banc
209 3143 474 3318 institutionpm
499 3166 651 3246 operam
687 3138 787 3216 suam
810 3137 914 3237 poili·
975 3196 978 3201 .

59 3278 62 3283 ’
347 3296 351 3300 ·
460 3264 502 3337 4
557 3324 560 3329 ¹
749 3286 776 3329 ῃ
792 3260 915 3314 ceren·
