2086 3682
297 116 300 120 ¹
335 133 593 247 Astronomio.
848 158 933 250 343

78 343 107 385 „
125 294 210 369 sunt
232 292 406 467 sericiis,
424 296 487 396 qui
514 293 688 373 denticuii
714 295 806 373 alius
822 296 934 373 alium

77 444 104 483 ,‚
118 392 231 494 impel
246 415 371 483 entes,
410 393 633 472 versationes
683 397 845 471 modicas
882 395 936 471 fm.

77 494 226 581 „ciunt
249 492 287 567 &
311 496 506 570 motiones.
579 497 672 571 item
700 494 776 570 aliae
800 493 935 595 reguiae

76 640 106 683 ‚,
119 590 265 690 aliaque
294 612 471 693 tympana
509 592 556 669 ad
590 594 749 671 eundem
782 596 935 670 modum

78 692 294 781 „dentata‚
320 714 400 791 quae
423 715 496 767 una
519 696 685 770 motione
707 690 833 771 coaoa
852 716 936 769 ver·

76 836 107 879 „
121 788 232 865 faudo
282 787 422 867 faciunt
460 788 611 867 effestus
662 793 860 868 varietates
886 814 934 866 ue

76 934 107 979 „
123 890 344 977 motionum,
359 891 408 964 'in
433 892 565 990 quibus
590 913 788 968 moventur
811 818 935 992 figflla,

78 1036 105 1077 ,‚
120 1008 315 1063 vertuntur
337 1007 462 1076 metae,
496 988 626 1065 calculi
656 1009 722 1066 aut
754 1012 828 1065 ova
852 1010 937 1088 pro·

76 1132 108 1178 ,‚
124 1086 318 1182 jiciuntur,
352 1089 515 1163 buccinae
540 1110 697 1179 canunt,
721 1087 937 1188 reliquaque

77 1193 108 1275 „¹
124 1208 288 1287 paterga.
324 1207 326 1211 ·
366 1188 408 1260 in
442 1186 498 1261 his
531 1189 645 1262 etiam
678 1208 744 1263 aut
772 1188 811 1262 in
838 1184 938 1261 colo

77 1330 108 1373 ‚,
122 1306 234 1374 mna,
262 1302 329 1360 aut
353 1283 565 1386 parastatica
601 1287 700 1360 horae
734 1287 938 1362 deicribun·

78 1429 108 1471 ‚,
124 1402 215 1469 tur,
244 1406 336 1483 quas
371 1383 521 1459 fiilium
553 1386 762 1486 regrediens
790 1385 835 1459 ab
860 1386 938 1459 imo

77 1529 105 1573 ‚,
122 1479 273 1583 virgulae
299 1409 472 1583 figniffcat
497 1487 535 1558 in
559 1486 658 1560 diem
682 1503 818 1573 totum,
828 1482 900 1559 &o
909 1528 937 1571 „

78 1586 209 1679 Anque
244 1584 323 1656 haec
359 1604 416 1657 aro
447 1581 641 1682 horologia
673 1600 866 1659 automata
887 1579 939 1662 ‚fae

79 1678 245 1755 oricandi
277 1679 437 1779 primum
473 1682 511 1755 in
535 1681 735 1757 Germania
758 1678 861 1756 fuiffe
886 1680 941 1755 io·

79 1778 240 1853 stauratio
279 1776 483 1855 verofimile
517 1782 702 1869 videtur,
750 1778 943 1856 substituto

81 1898 187 1976 aquae
212 1874 355 1957 lamella
380 1901 427 1954 ex
452 1877 619 1978 chalybe,
633 1899 699 1955 aut
716 1878 943 1981 ponderibus¹

81 1974 270 2077 apponis,
306 1999 421 2075 quum
455 1979 552 2052 circa
585 1977 748 2056 seculum
775 1976 866 2051 XV.
902 1974 942 2049 ἃ

79 2096 128 2151 ιιι
153 2075 313 2150 creditur
348 2094 435 2149 ante
455 2076 740 2175 Regiomontani
773 2093 945 2174 temporo

79 2192 216 2249 notum
246 2173 335 2248 illud
367 2172 603 2273 horologium
635 2168 946 2272 Norimbergenii·

80 2271 252 2371 ousiam
283 2274 320 2347 in
345 2271 410 2348 usu
435 2270 573 2361 fuerit,
608 2273 707 2374 quod
743 2271 841 2346 idem
873 2270 946 2345 Re·

76 2374 333 2474 ·gimontanus',
349 2372 388 2447 ὅ(
412 2370 491 2474 post
515 2372 632 2473 ipsum
656 2368 812 2472 perfecit
828 2366 947 2444 wal..

82 2474 213 2548 thorus
225 2518 241 2560 ,
274 2472 334 2545 cui
409 2474 551 2546 ivatum
585 2492 738 2571 quoque
762 2467 947 2568 ejusmodi

80 2570 319 2671 horologium
367 2570 447 2656 uit,
486 2572 586 2671 quod
624 2570 671 2645 de
715 2564 947 2646 meridiem

80 2669 275 2747 meridiem
301 2669 443 2744 redibat
469 2671 514 2743 ad
540 2671 733 2771 unguem,
767 2668 949 2765 cujusquo

81 2764 808 2945 iiiiiiiiivfiffnssissffidiiii
829 2764 948 2938 stin

82 2988 224 3069 organa
255 2963 317 3039 ilia
348 2963 465 3066 magis
487 2964 700 3057 <emendata
733 2960 949 3066 prodierunt

81 3066 122 3141 in
163 3062 382 3163 publicum,
416 3061 528 3139 variis
564 3064 745 3162 novisque
774 3080 951 3137 exornata

83 3165 335 3243 incrementis.
382 3161 508 3336 Hujig?
533 3164 586 3238 rei
608 3160 803 3262 specimina
823 3160 950 3238 etiam-

526 3280 545 3359 3
777 3304 780 3311 ·
861 3279 951 3336 num
