2086 3682
98 142 209 239 974-
320 148 323 153 ’
440 106 566 232 anrrit
590 110 679 211 VI.

96 304 199 354 mum
225 274 343 355 leculo
370 276 407 352 ln
431 277 552 355 lucem
578 273 776 378 prodierit,
806 293 953 376 promo·

96 379 209 453 'vemt
242 380 404 454 laborem
436 379 566 453 Martis
600 378 735 476 ubique
788 374 952 461 rassantis

96 477 229 553 furore.
278 480 415 577 lgitur
431 473 738 572 ,Architetlonica
763 402 952 563 intentes
976 532 991 555 ,-

97 576 147 650 est
178 577 347 664 ltientia,
376 596 648 674 quemcumque
676 574 800 649 locum
825 574 952 650 secun·

97 677 185 748 dum
209 697 327 751 certas
355 673 455 774 leges
481 674 652 749 aduersus
678 675 755 748 vim
782 671 951 749 hostilem

95 775 283 849 muniendi
304 775 505 873 tuendique
538 794 613 847 tam
641 791 747 873 apte,
775 791 820 845 ut
841 775 950 873 pauci

92 892 232 966 ¹contra
250 873 388 949 multos
416 872 453 946 ὅ(
474 870 577 945 illurn
606 872 644 946 &
665 870 700 968 se
728 869 821 969 ipsos
853 871 950 946 tueri

43 1025 45 1029 .
94 969 237 1072 poffint.
289 976 383 1047 Sunt
404 991 529 1046 autem
545 969 856 1070 duplicitgeneris
870 993 950 1044 mu·

92 1071 276 1156 nimenta,
299 1086 553 1170 vocanturque
572 1072 614 1142 ab
640 1071 729 1143 artis
757 1069 867 1162 hujus
887 1091 950 1169 pt·
980 1128 983 1133 .

94 1171 174 1247 ritis
204 1167 406 1271 Regularia·
438 1169 477 1243 δι
511 1167 747 1272 Irrtgulnrin.
827 1168 950 1244 Priora

95 1267 199 1367 sunt,
218 1270 257 1341 in
280 1268 413 1367 quibus¹
433 1270 600 1344 omnium
626 1267 808 1354 laterum,
835 1288 951 1366 angu-

93 1365 289 1464 lorumque
307 1366 474 1441 omniurn
488 1364 683 1468 'aequalitas
709 1365 949 1461 observatura

21 1506 25 1521 ι
93 1464 289 1564 posteriora
311 1488 425 1552 vero,
447 1467 636 1566 inquibus
658 1462 856 1563 equalitas.
870 1466 949 1539 haec

34 1588 37 1599 ·
81 1560 228 1660 ,deficit
284 1565 419 1640 ¹Porro
442 1563 610 1641 universa
639 1564 717 1637 haec
739 1561 886 1637 scientia
910 1565 949 1639 in

93 1682 168 1742 tres
189 1661 313 1740 clalle'a
334 1663 535 1750 dividitur,
562 1683 719 1761 quarum
749 1662 865 1761 prima
896 1661 949 1739 est

92 1754 381 1864 Ichnngrnphin,
406 1784 488 1867 quae
522 1758 565 1836 lit
593 1760 698 1836 lineis
730 1758 948 1858 implicibus

91 1861 132 1936 ἃ
147 1861 394 1963 primigeniis,
416 1858 541 1958 estque
565 1858 699 1960 plantae
721 1857 780 1933 seu
807 1854 947 1959 vestigii

91 1962 210 2035 totius
237 1960 458 2035 munimenti
486 1958 701 2046 delineatio,
728 1957 773 2032 fic
802 1962 946 2057 contin·

91 2078 198 2147 nata,
222 2070 424 2136 utremota'
440 2060 647 2151 munitione
668 2056 773 2133 velut
787 2058 825 2131 in
839 2055 946 2132 vesti·

92 2160 155 2259 gio'
183 2156 294 2234 liceat
314 2159 450 2233 intueti
473 2181 603 2234 omnes
630 2155 726 2244 illius
749 2175 870 2255 partes
896 2153 946 2231 se·

91 2258 253 2331 cundum
270 2255 552 2357 longitudinem.
602 2254 729 2329 Altera
746 2253 797 2329 est
820 2246 946 2329 Ortho-

85 2350 242 2460 grnplia
265 2353 327 2431 seu
356 2353 625 2453 representatio
645 2354 802 2454 partium
826 2353 945 2429 muni·

91 2457 208 2551 menti
235 2477 280 2528 ta
303 2454 466 2539 ratione,
491 2475 564 2550 qua
590 2455 629 2526 in
643 2450 767 2550 plano,
794 2476 945 2553 perpen-

91 2550 243 2627 diculari
267 2552 313 2641 ad
328 2553 560 2629 horizontem
583 2549 661 2636 fito,
680 2555 857 2652 apparent
871 2554 945 2639 ita,

88 2670 134 2727 ut
152 2647 299 2751 spetlari
322 2647 430 2750 poffit
443 2648 599 2726 altitudo
614 2651 652 2725 δι
667 2650 838 2725 latitudo.
869 2652 944 2725 De·

88 2752 204 2849 nique
218 2747 327 2823 tertia
341 2743 690 2852 estScenogrnpht'n,
719 2772 799 2850 quae
826 2752 944 2824 muni·

88 2849 205 2925 menti
231 2842 393 2923 frontem
426 2871 470 2923 ac
498 2848 612 2925 latera
634 2848 830 2949 secundum
850 2849 944 2950 opti·

87 2968 142 3025 τε
163 2939 517 3049 τεςυίιεΐροέὶεηάα
534 2948 695 3029 exhibet,
744 2950 945 3050 Scenogra·

87 3047 214 3147 phium
234 3041 423 3149 pittotnm·
439 3046 608 3146 penicillo
630 3046 804 3146 relinquit
818 3048 944 3123 Archi·
989 3072 991 3093 ¹

89 3140 233 3223 tellum
249 3143 441 3255 ⁴lvlilitotis,
472 3143 580 3249 leque
607 3145 787 3225 duntaxat
817 3147 944 3223 lchno·

864 3269 941 3346 gra·
