2086 3682
221 104 532 239 Arclritelionim
569 144 710 241 civilis.
838 178 921 267 241

140 310 246 405 Nihil
279 314 404 388 tamen
443 315 490 387 ad
529 312 676 388 solidam
711 313 927 392 strueluram

63 410 146 515 plus
172 409 414 504 emolumenti
439 411 560 499 affert,
575 437 685 513 quam
710 411 926 491 fundamen-

63 535 144 592 turn
167 512 237 586 rite
263 508 412 605 janium,
437 513 540 612 quod
564 536 639 613 quo
663 510 773 587 latius
798 515 860 599 est,
876 528 923 591 eo

10 624 17 630 '
62 610 195 689 melius
220 609 398 687 censetur.
464 612 634 688 Vocatur
657 631 787 698 autem,
808 610 924 689 letior

61 710 122 787 seu
149 706 287 785 fitndus
311 708 445 786 lolidus
468 710 594 786 debito
621 712 734 787 modo
759 732 923 812 paratus,

59 830 102 886 ut
124 809 232 885 oneri
256 809 372 885 totius
394 806 578 884 strutlurae
603 807 755 886 ferendo
780 835 846 911 par
870 810 923 887 fit.
963 844 967 851 ·

61 909 355 985 Fundamentum
391 912 494 1008 quod
529 929 660 986 natura
697 912 835 1010 prabet
863 909 930 986 seu‘

61 1007 177 1085 solum
203 1006 402 1108 petrosum,
424 1010 590 1084 omnium
617 1006 670 1083 est
694 1006 924 1085 tutillimum.

61 1110 95 1183 Si
120 1129 169 1185 ex
193 1106 375 1208 lapidibus
398 1127 465 1184 aut
489 1108 664 1183 lateribus
686 1129 858 1224 ponatur,
867 1112 921 1185 in·

59 1205 113 1283 fra
130 1204 378 1307 superficiem,
404 1208 465 1283 cui
492 1204 668 1283 structura
691 1231 741 1283 rm
770 1209 920 1299 onitur,

59 1306 336 1383 recondendum
361 1305 434 1400 est,
458 1330 506 1382 ne
531 1307 719 1383 alluvione
739 1232 834 1383 lana
859 1333 923 1408 pa·

60 1408 174 1483 tiatur
198 1406 387 1482 damnum.
436 1408 490 1481 Ut
511 1408 731 1483 autemrite
757 1407 833 1493 liat,
849 1428 922 1484 ter·

60 1530 139 1581 ram
162 1502 282 1583 effodi.
300 1525 451 1606 oportet
472 1506 648 1606 eousque,
662 1507 783 1582 donec
805 1506 921 1581 solum
1006 1582 1009 1587 ,

61 1603 185 1701 stabile
206 1604 245 1681 δι
270 1596 416 1681 firmum
440 1608 668 1704 reperiaturr
695 1605 717 1680 li
744 1607 816 1679 hoc
835 1629 922 1679 nec·

60 1707 151 1777 dum
176 1705 350 1804 adparet,
384 1707 455 1807 pali
482 1705 566 1793 sex,
601 1703 716 1794 οᾶο,
751 1703 923 1806 pluresve

61 1801 163 1902 longi
189 1804 300 1901 pedes
330 1802 531 1882 interram
562 1805 754 1905 adigendi‚
785 1808 922 1906 capita·
952 1876 959 1885 ,

60 1925 136 2075 pue
155 1905 361 2075 potundem
387 1904 595 2075 transpersrs
628 1902 784 2075 rpibustis
806 1904 922 2019 trabi·

84 2025 130 2077 us
169 2021 238 2076 unt
273 2026 655 2090 conunena,.uo
713 2025 834 2077 oens
886 2026 923 2077 e·

62 2124 130 2177 nus
154 2028 372 2201 palatinneln
397 2028 521 2173 dgixere
547 2028 715 2189 Vlteres.
740 2026 762 2101 p
784 2102 838 2172 lta
861 2028 923 2173 ilr-

61 2218 165 2276 mato
189 2202 287 2301 prius
320 2198 393 2273 solo
423 2195 605 2273 craticula·
640 2196 757 2272 moles
782 2201 922 2297 erigen-

61 2302 294 2377 dammim
322 2300 383 2374 oni
411 2295 539 2398 potest.
592 2300 681 2393 Quo
707 2299 924 2388 autemhaec

62 2401 181 2496 major
204 2397 275 2479 stru
315 2422 378 2474 ura
394 2394 473 2487 est,
509 2399 548 2474 ὅ(
573 2394 688 2474 solum
714 2396 850 2486 laxius,
878 2418 930 2481 eo.

63 2498 186 2600 plures
220 2498 368 2598 quoqu‘e
400 2497 472 2599 pali
503 2497 585 2573 sunt
617 2495 815 2600 infigendi,
851 2495 928 2575 for·

65 2599 211 2699 tiusque
235 2597 440 2698 colligandi.
489 2599 570 2698 Jam
596 2622 687 2673 vero
709 2600 860 2697 lapides,
874 2619 923 2675 ex

90 2699 197 2774 uibus
221 2693 337 2776 leelus
360 2699 429 2772 rite
456 2701 714 2798 componitur,
753 2696 922 2791 quadrati

65 2720 280 2901 leligantur3
306 2795 530 2896 quandoque
551 2801 654 2872 uncis
678 2817 826 2895 quoque
852 2790 923 2869 fer·

67 2899 135 2974 reis
167 2898 354 2996 clavisque
387 2897 622 2996 iungunturr
651 2896 773 2990 iuvat
809 2894 924 2967 etiam

64 3022 212 3073 murum
253 2997 493 3071 fundamento
541 2994 758 3072 servientem
798 2990 927 3065 venun
1007 3078 1010 3083 .

64 3120 187 3197 partes
213 3096 413 3199 superiores
446 3093 542 3195 quafi
577 3117 643 3195 per
667 3090 801 3192 gradus
835 3112 924 3164 con·

65 3198 222 3285 ‚trahere
295 3195 384 3271 Non
410 3192 607 3295 spernenda
630 3194 713 3269 heic
739 3192 927 3365 Vetepppr
