2086 3682
35 52 38 89 ἲ
135 152 198 219 no
363 115 545 240 Copori.
576 118 854 238 prestantio-

140 288 293 366 medicae
315 287 404 361 artis
431 284 548 360 veluti
566 291 779 387 temperiem
796 285 1005 366 constituit.-

53 388 56 393 ’
131 393 233 466 trac
253 388 308 460 uti
327 384 576 483 experimenta
602 389 816 486 neutiquam
839 378 1006 487 respuit,
1029 408 1032 413 ’

83 540 89 554 .
142 490 203 563 sed
227 482 351 586 potins¹
377 487 429 580 inu
440 485 662 559 consortium
682 486 816 561 invitat
830 534 843 573 ‚
869 511 1001 586 quam·

141 588 200 661 vis
226 586 272 660 ad
302 572 393 658 certi
423 584 511 682 qbid
545 582 775 659 statuendum
811 584 885 660 sola
924 610 1003 663 non

142 681 348 769 sufficiant,
382 676 615 856 itoaptationis
649 681 760 756 curun
800 685 838 758 in
864 685 1031 775 ‘caussas

140 809 226 861 rum
258 805 333 856 non
363 802 400 851 m
454 804 476 854 o
511 782 767 867 evidentium
800 783 999 861 sedetiam

144 875 443 960 abditiffimarum
483 881 652 955 notitiam
684 901 877 982 penetrare
910 882 1000 958 sata·

144 985 201 1085 git
224 1001 305 1054 tum
329 1001 375 1054 ex
402 1001 597 1078 corporum
623 983 826 1069 anatomia,
853 1001 935 1057 tum
952 1004 1002 1059 ex

144 1104 266 1157 retum
293 1076 512 1153 naturalium
538 1079 793 1179 indagatione,
818 1100 1005 1181 utquam

145 1180 224 1256 fieri
259 1173 378 1275 potest
419 1172 659 1253 efficaciffima
696 1176 1001 1279 saluberrimaque

144 1279 304 1355 remedia
329 1273 574 1375 praescribere,
598 1277 636 1350 bt
660 1279 764 1377 aegris
786 1280 1006 1377 corporibur

146 1374 328 1478 adplicare
354 1394 476 1473 queat.
542 1375 589 1449 Et
612 1399 705 1451 veto
734 1376 1001 1476 Hippocratem

147 1476 261 1553 secuti
286 1471 384 1560 sunt,
408 1472 681 1575 rationalemque
703 1477 1007 1557 medicinarum

25 1609 28 1613 ⁴
145 1576 343 1652 coluerunt
367 1568 638 1675 praestantillimi
666 1577 829 1674 quique5
852 1572 1003 1657 Diodes

55 1700 63 1717 ¹
149 1677 225 1752 Car
251 1672 363 1761 liius,
396 1674 639 1771 Praxagoras,
680 1672 905 1774 Chrysippus
938 1678 1004 1753 So·

147 1701 282 1874 puilia,
308 1769 531 1846 Erafistratus
555 1793 601 1845 ex
626 1769 828 1849 Aristotelis
848 1771 922 1849 filia
942 1799 1006 1877 ge·

148 1873 275 1958 nitus,
314 1869 448 1968 aliique
479 1868 688 1969 complures
716 1896 792 1947 non
820 1871 893 1948 fine
925 1899 1006 1960 mae

148 1973 249 2049 ximo
280 1971 415 2044 morbis
449 1969 693 2045 laborantium
736 1970 1004 2049 emolumento.

149 2071 249 2157 Hinc
272 2073 429 2144 Soranus
451 2069 620 2167 Ephesius
651 2071 729 2164 (o)
764 2071 926 2147 breviter
961 2094 1004 2147 ac

150 2169 309 2244 dilucide
335 2171 381 2244 de
408 2170 551 2243 Medica
578 2165 760 2265 disciplina
784 2173 1003 2268 pronuncia·

36 2293 39 2297 ¹
150 2270 231 2343 vit:
267 2267 381 2366 Apollo
419 2263 555 2367 quidem
584 2266 748 2354 invenit,
780 2265 1003 2372 AEsculeqriur

150 2362 384 2471 pmplrficnoit
390 2413 403 2455 ,
427 2362 663 2465 Hippocrates
673 2363 837 2464 perfecit.
1004 2404 1008 2411 ·

556 2545 623 2622 Vl.

34 2663 36 2667 ’
148 2706 154 2721 =
227 2668 295 2744 His
321 2669 372 2744 ita
396 2668 600 2744 constitutis
624 2664 749 2744 floruit
772 2691 848 2746 uno
874 2668 1002 2747 altero·

152 2793 201 2845 ve
227 2767 347 2842 seculo
380 2769 457 2842 haee
482 2769 650 2844 medendi
683 2771 810 2844 ratio:
852 2768 913 2865 sed
944 2762 1000 2844 vel

153 2888 363 2966 temporum
388 2867 580 2966 iniquitate
611 2867 671 2943 vel
706 2869 863 2969 ipsorum
890 2867 999 2945 Medi·

153 2990 282 3041 corum
314 2965 568 3046 aemulatione,
600 2969 774 3065 quoniam
805 2969 999 3045 admodum

152 3063 351 3164 quaestuosa
374 3065 452 3138 nac
475 3087 533 3138 atr
552 3062 623 3152 est,
649 3067 823 3166 contigit,
848 3088 893 3143 ut
919 3071 998 3142 dunt

944 3168 999 3237 lut

103 3292 106 3297 ·
184 3258 209 3325 ἢ.
232 3257 299 3341 (ο)
328 3255 367 3329 stt
384 3250 514 3341 masat.
525 3253 591 3338 sta
606 3254 760 3346 φρομ.
