2086 3682
78 116 94 231 ζ
121 112 181 219 aa
345 40 474 230 Caput
500 90 581 200 ru
610 103 775 199 ranan

124 294 202 352 tem
220 272 368 375 excipit,
385 282 428 349 a'c
450 272 488 346 in
506 269 700 372 pulmones
713 269 899 360 diffundit,
912 260 974 348 ubl

125 370 281 469 afhlino
295 370 457 448 mitram
477 369 699 471 corpusculis
722 392 807 459 eum
836 394 922 447 aere
937 373 976 449 iu

124 473 320 574 pulmones
354 471 484 547 delatis
520 492 705 573 purpureo
742 469 871 545 colore
906 490 975 545 oeu

83 572 267 648 ‘murice
279 570 370 671 tingi
383 569 554 647 ereditur.
603 569 663 645 Sic
676 590 902 685 purpuratus
916 562 997 645 hie'

124 667 152 746 li
203 692 250 745 or
278 692 302 745 e
328 667 583 767 pulmonibus,
610 692 632 744 a
656 666 779 743 cordrs
797 664 832 743 se
854 669 977 744 denuo

31 803 37 812 ⁴
124 692 311 845 ditantis
323 784 430 843 motu
442 762 666 865 -eompreffie,
677 788 741 866 per
760 764 975 867 vrnomprb

124 867 323 942 amariam
335 866 438 943 oordi
458 863 669 951 rellimirur,
685 866 917 953 &continuo
935 866 979 940 in·

60 1033 64 1039 ,
94 1030 99 1039 .
126 962 301 1039 finilirum
331 961 580 1045 ventriculum
613 960 750 1039 infusus
788 964 975 1065 (quando

124 1080 253 1140 motus
272 1060 294 1137 s
311 1061 416 1140 sloles
430 1063 549 1137 motui
565 1061 730 1139 diallolea
743 1062 886 1139 rursum
902 1062 977 1139 suo·

127 1162 260 1258 oedit)
346 1163 515 1238 arteriam
539 1184 709 1260 magnam
739 1158 812 1237 five
831 1172 976 1237 Aortmn

125 1259 356 1362 propellitur,
371 1284 437 1360 per
448 1260 554 1357 cujus
564 1260 649 1335 dein
661 1282 782 1337 ramus
797 1262 838 1337 in
852 1282 975 1337 totum

126 1356 310 1458 reliquum
341 1380 471 1457 corpus
494 1358 725 1459 dispensatur.
790 1361 976 1439 Caeterum

125 1454 291 1534 mirabile
310 1457 407 1533 visui
430 1459 590 1534 auritum
608 1481 672 1534 cor
684 1456 758 1532 este
786 1482 871 1535 nam
887 1459 980 1535 duar'

125 1552 215 1633 hinc
236 1555 377 1653 &inde
394 1556 574 1634 auriculas
592 1559 701 1661 erigit
719 1558 765 1632 ad
779 1576 976 1659 utrumque

127 1655 419 1731 ventricolarum
442 1654 538 1731 latos
558 1657 821 1756 prominentem
878 1659 980 1735 Dex-

87 1780 94 1793 *
127 1766 186 1828 rra
213 1754 304 1832 ollio
328 1777 433 1831 venae
464 1776 564 1829 cavae
594 1754 707 1830 adsita
742 1754 811 1844 eli,
844 1754 976 1833 srnilira

125 1872 218 1926 vero
245 1873 350 1927 venae
371 1851 607 1952 pulmonariae
633 1877 709 1934 non
741 1854 813 1936 fine
842 1876 975 1957 magor

126 1968 268 2025 naturae
288 1952 541 2050 providentia,
569 1952 749 2043 nimirum·
772 1973 816 2029 ut
840 1952 974 2056 sangui·

43 2140 46 2144 ‚
125 2069 214 2124 nem
240 2064 306 2150 per
337 2072 513 2126 venarum
540 2049 629 2128 ostia
655 2052 833 2154 copiosus
849 2055 974 2149 irrum-

127 2167 278 2247 pentem
302 2150 497 2251 excipianr,
512 2153 766 2251 retineanrque
789 2152 972 2241 nonnihil,

42 2256 67 2336 ⁸·
126 2268 176 2420 ἓξ
197 2270 286 2420 333,
299 2248 972 2427 rre‘lzsringelramni*

124 2443 298 2519 auriculae
313 2443 522 2533 dilatantur,
538 2373 644 2547 [ἐμὲ
664 2438 818 2544 implent
829 2396 972 2623 sangui:

125 2565 203 2634 nea
229 2544 318 2617 dum
336 2567 426 2618 vero
442 2542 529 2618 illud
548 2568 654 2621 motu
667 2545 832 2623 diastoles
847 2550 883 2621 di
914 2572 974 2630 en·

128 2640 248 2732 ditur,
268 2644 306 2717 in
335 2641 514 2743 angustias
535 2643 719 2749 coguntur
742 2643 834 2735 ilia,
873 2668 972 2723 exce·

120 2761 308 2843 *ptumque
337 2740 545 2842 sanguinem
573 2745 610 2815 in
640 2746 865 2824 ventriculus
897 2744 973 2820 sun·

126 2841 231 2915 dunt.
285 2843 346 2916 Ne
368 2864 459 2917 vero
480 2840 713 2942 irrumpentis
733 2865 914 2943 perpetuo
937 2841 974 2919 lle

125 2930 262 3039 errp'ulst
289 2940 467 3041 sanguinis
493 2941 598 3041 copia
623 2944 744 3018 cordis
769 2943 973 3019 motum&

123 3041 241 3113 vitam
269 3038 370 3113 fimul
396 3038 509 3126 istae,
531 3040 660 3115 eadem
683 3061 815 3118 natura
834 3043 972 3118 mirabi-

91 3189 94 3194 ·
122 3131 156 3213 li·
175 3135 330 3214 artifieio
353 3138 514 3238 providit
537 3139 584 3220 ele
609 3136 792 3230 urinalia,
820 3164 969 3244 quarum
