2086 3682
281 85 484 249 siseriudris
511 133 717 249 narrandi·
768 238 770 242 ,
855 166 942 257 227

387 263 394 298 Ι

92 318 282 400 penetrare
295 321 422 399 queat,
433 300 607 385 trahenda
623 298 747 401 potius
760 324 863 377 mora
875 302 942 392 est,

40 432 43 437 ·
92 421 161 487 nec
181 397 344 474 festinata
362 399 522 474 remedia
541 398 620 474 sunt
643 397 868 497 adplicanda,
881 401 944 509 sed

90 521 286 600 parumper
297 495 587 596 exspeeiandum,
599 521 645 571 an
657 520 731 570 non
748 497 821 597 ipsa
836 498 953 577 natu·‘

52 686 54 690 .
90 619 132 671 ra
150 597 287 671 maium
309 597 557 673 absconditum
577 597 746 696 detegat,
769 596 830 672 vel
854 596 943 679 mali

90 698 168 768 vim
187 694 386 793 supremam
406 693 568 795 superet3
591 715 656 770 aut
670 715 769 770 certe
791 694 943 772 fimedi·

90 815 260 868 camento
280 795 432 895 experiri
456 817 548 894 opus
575 793 633 880 fit,
658 795 839 889 ejusmodi
867 798 941 871 hoc

89 889 161 975 esse
185 894 333 989 deber,¹
350 893 449 992 quod
473 895 510 966 in
537 916 578 969 re
591 894 739 993 ancipiti
763 894 940 970 damnum

89 993 239 1088 gravius
264 991 395 1076 inserte
432 1012 602 1089 nequeat.
675 997 728 1066 At
752 989 941 1092 explorata

89 1088 176 1167 mali
194 1089 316 1167 indole
324 1093 444 1192 prima
461 1091 594 1165 Medici
608 1114 694 1168 cura
709 1114 753 1166 eo
768 1093 939 1180 vertitur,
1009 1146 1012 1155 ι

36 1255 40 1259 .
61 1234 67 1243 -
88 1212 165 1263 nnn
185 1188 263 1264 ram'
285 1213 328 1267 ut
346 1190 442 1265 iliius
455 1187 637 1279 effecium,
655 1211 765 1289 quam
782 1191 940 1268 caussam

88 1287 218 1387 procul
232 1287 440 1376 amoliatur,
448 1289 618 1365 damnato
635 1292 778 1365 interim
799 1292 844 1366 ad
854 1291 940 1365 bre·

88 1408 175 1463 vem
205 1389 418 1486 parientiam
442 1407 592 1489 aegmto.
649 1389 940 1466 Submotaerrim

88 1483 208 1577 caussa
229 1485 323 1561 facili
345 1485 469 1562 labore
494 1485 645 1561 effusius
669 1486 846 1576 tolletur,
877 1485 940 1563 vei

42 1582 45 1587 ’
89 1581 112 1656 s
129 1606 217 1660 onte
233 1586 381 1660 omnino
396 1585 577 1685 migrabit.
632 1587 670 1659 in
688 1587 729 1660 iis
748 1610 835 1661 vero
852 1584 940 1660 affe·

126 1685 281 1771 ionibus,
298 1705 378 1785 quae
396 1707 567 1760 connexae
586 1684 776 1772 dicuntur,
792 1676 939 1759 initium
973 1756 976 1761 .

89 1784 287 1858 curationis
301 1788 435 1858 ducere
448 1804 603 1882 oportetn
616 1785 661 1858 ab
679 1807 734 1872 ea,
746 1792 825 1884 qu'ae
839 1785 940 1882 prior

88 1879 143 1972 est
161 1883 319 1978 origine,
352 1882 439 1953 licet
456 1878 739 1978 ‘investigatione
766 1882 940 1981 posterior

89 1978 142 2055 fit.
171 2007 173 2012 ·
198 1983 365 2063 Vexatur
386 1977 513 2074 aliquis
539 1980 640 2075 gravi
663 1975 797 2077 capitis'
812 1982 939 2056 dolore

89 2079 342 2186 arpertinacb
368 2076 431 2149 ubi
445 2075 706 2191 deprehensum
721 2074 850 2165 fuerit,
877 2102 939 2154 ex-

88 2177 275 2251 uberantis
291 2177 383 2251 vitio
400 2174 479 2261 bilis
492 2176 529 2249 rd
544 2175 727 2259 accidere,
751 2175 830 2251 haec
844 2178 938 2278 aptiu'

88 2277 256 2353 remediis
272 2276 371 2375 prius
387 2276 570 2361 dometur,
581 2297 624 2347 ac
643 2271 764 2349 sensim
780 2278 864 2351 cum
877 2298 937 2350 ex·

89 2377 284 2450 crementis
302 2371 522 2471 depuratum
550 2371 649 2466 secus
668 2373 848 2474 cephalea
864 2398 940 2451 non

38 2504 41 2508 ·
88 2470 234 2564 tantum
251 2497 323 2553 non
341 2473 634 2573 expugnabitur,
661 2469 721 2546 sed
743 2473 859 2561 maius
885 2473 937 2546 su·

87 2591 169 2649 met
193 2572 458 2665 incrementum
487 2571 524 2645 ἃ
546 2569 751 2645 invalescet.
804 2575 840 2646 Si
861 2571 938 2671 piu·
975 2632 978 2645 .

88 2693 148 2745 res
178 2667 386 2745 affectiones·
416 2668 582 2767 malignae
620 2671 715 2747 inter
743 2668 776 2744 se
804 2693 940 2747 conve.

89 2770 203 2854 uiant,
212 2766 441 2866 efficiantque
454 2767 550 2868 quasi
566 2789 732 2845 catenam
742 2768 937 2857 maiorum,

89 2869 121 2942 is
132 2862 184 2941 est
199 2864 395 2943 curationis
411 2865 768 2954 ordo'obse'rvandus‚
781 2889 824 2943 ut
849 2867 938 2957 sem·
949 2898 962 2911 ¹·

89 2990 168 3067 per,
185 2989 265 3065 quae
289 2967 428 3066 origine
442 2967 539 3064 prior
551 2966 614 3054 est,
632 2970 760 3039 cedere
777 2966 857 3040 ioco
877 2988 940 3041 co·

90 3087 209 3164 gutur.
273 3067 366 3137 Sunt
380 3084 503 3139 autem
522 3067 639 3138 morbi
654 3066 820 3161 quidam,
845 3087 938 3162 quo·

89 3161 1012 3337 rwmmfflmmww-

306 3289 309 3295 ·
506 3266 542 3338 2x
720 3292 737 3309 ⁵
860 3284 941 3367 pu·
