2086 3682
117 212 123 225 ,
197 155 522 291 ,Arctiteunna
555 130 762 251 utinam.
861 150 943 272 301

99 326 226 422 jacet?
255 325 393 424 primus
416 344 461 396 ut
484 324 559 397 dixi
585 321 689 411 fitus,
716 321 738 395 st
764 346 837 397 non
864 323 949 398 colii

101 446 164 511 aut
193 427 311 498 monti
337 447 401 497 atx
425 420 546 497 valida
571 423 802 522 imponatur,
833 427 952 497 muni·

102 527 193 601 tioni
223 547 297 599 non
322 524 502 621 quadrat,
533 545 648 619 quum
683 519 840 594 hostium
877 544 952 597 tut·

98 625 233 700 mentis
259 646 306 698 ex
330 623 405 696 alto
433 642 512 694 tota
537 641 681 719 pateret
703 618 852 694 civitas:
867 645 954 718 ptae·

98 746 199 799 terea
224 724 323 822 quod
349 720 418 794 alia
443 717 638 795 difficultas
663 742 736 809 non
763 719 906 795 modica
922 720 958 795 ie

93 823 258 908 offerat,
290 823 426 894 montis
456 820 705 894 acclivitatem
738 821 862 896 versus
894 842 953 892 ut·

100 925 184 997 bem
213 922 245 993 se
270 922 516 1019 porrigentem
543 921 613 992 rite
639 920 840 1021 muniendi.
878 921 954 1005 Nee

98 1045 173 1122 que
190 1012 353 1107 ficivitas
369 1038 497 1115 aperto
505 1017 668 1117 undique
681 1041 813 1114 campo
830 1010 953 1117 cinga·

85 1118 288 1206 ‘tunfitum
314 1121 413 1192 hunt
436 1118 954 1215 munimentisjcongruentem

99 1238 296 1295 autumant
318 1215 503 1304 nonnulli,
534 1218 622 1314 quia
653 1239 698 1292 ut
722 1217 784 1314 ipfi
807 1220 955 1295 ratioci-

97 1339 258 1404 nantur,
295 1316 400 1416 gleba
423 1339 532 1414 quam
560 1317 771 1409 huiusmodi
802 1318 839 1391 in
864 1321 956 1397 locis

98 1418 210 1494 telius
235 1414 491 1492 subministrat,
524 1412 685 1491 hostibus
709 1416 769 1492 vel
795 1424 972 1498 maxime.

99 1518 210 1594 servit
241 1504 418 1591 ad'fossas
440 1516 646 1603 ducendae,
671 1516 718 1591 ad
741 1518 956 1596 excitandos

98 1641 167 1717 pto
191 1616 384 1691 tormentis
407 1616 514 1687 aeneis
540 1618 704 1715 aggeres,
719 1618 764 1690 ad
780 1617 857 1694 vias
875 1620 954 1693 sub·

98 1735 310 1800 tetrantes,
343 1716 474 1811 quibus
503 1713 583 1787 urbi
609 1716 844 1806 immineant,
872 1743 954 1819 pto·

97 1815 318 1904 movendas3
344 1835 453 1912 porro
479 1812 600 1889 castris
626 1818 807 1890 metandis
821 1843 865 1893 ac
876 1820 955 1893 val·

95 1914 138 1991 lo
161 1911 364 1988 muniendis
395 1909 649 2009 ampliiiimum
681 1915 765 1989 heic
800 1916 954 2016 spatium

96 2011 176 2089 dese.
201 2035 247 2087 ex
272 2011 385 2085 licat:
422 2011 600 2093 cuniculis
640 2035 787 2108 quoque
822 2015 954 2114 aptiffl.

98 2136 204 2186 mum
238 2037 272 2187 ie
303 2109 440 2210 praebet
475 2131 518 2181 ac
549 2106 758 2183 facillimum
789 2110 956 2204 hujusce·

98 2213 202 2286 modi
226 2209 341 2296 locus,
367 2206 551 2306 offertque
574 2204 679 2280 velut
705 2206 831 2305 sponte
856 2210 959 2288 suae

87 2308 445 2405 eircumjaeentibus
480 2308 576 2406 agris
606 2329 650 2380 ac
673 2310 788 2407 pratis
811 2307 955 2386 alimen·

101 2431 139 2487 ta
163 2408 359 2494 exercitui,
399 2409 451 2481 ita
490 2429 534 2479 ut
571 2409 789 2483 tantundem
819 2408 958 2484 emuluss
992 2426 995 2431 ’

98 2510 216 2584 menti
242 2505 497 2595 obfidentibus,
515 2526 698 2604 quantum
722 2506 865 2583 obseffis
880 2510 960 2584 sub·

97 2606 287 2684 ministret.
339 2607 595 2681 Couttaveto
621 2603 655 2678 se
679 2624 876 2706 opponunt
899 2610 959 2685 alii

98 2731 172 2784 non
200 2706 342 2780 minore
367 2705 550 2779 rationum
577 2705 739 2802 pondere
766 2708 867 2781 nixi:
900 2712 960 2783 ab·

99 2808 239 2903 undare
262 2807 365 2880 hunc.
386 2802 459 2877 loci
485 2802 590 2876 fitum
612 2826 724 2902 quam
739 2807 879 2900 optima
894 2829 960 2907 pro

96 2904 278 2982 struendis
302 2900 585 3001 propugnaculis
610 2902 761 3001 aliisque
790 2907 964 2981 munitiu-

97 3030 188 3079 num
213 3000 409 3103 generibus
432 3001 556 3100 gleba,
580 3000 673 3073 aeris
698 3026 847 3102 quoque
875 3001 963 3077 salu·

99 3100 170 3183 bris
199 3105 367 3200 &aquae
393 3100 439 3172 ad
464 3097 588 3173 fantes
614 3099 653 3172 ὅτ
677 3098 785 3175 fatias
809 3102 974 3201 implen-'

98 3201 161 3279 das
189 3201 317 3301 copia:
344 3193 559 3298 aptissimam
586 3195 659 3279 effe,
682 3196 884 3297 planitiem,
902 3206 963 3278 cui
995 3218 1003 3225 ··

261 3354 265 3365 =
432 3362 438 3411 p
469 3391 474 3403 Ι
829 3338 837 3377 .·
879 3324 960 3381 mu·
