2086 3682
109 154 198 247 410·
305 115 308 120 ¹
384 127 562 248 ·Capul
608 124 709 218 VII.

107 292 208 368 nutis
233 292 356 391 primis
386 303 449 384 56.
523 293 604 392 Jam
631 285 968 387 veroioveliigare

106 393 232 489 juvat,
259 416 331 490 qua
357 395 498 465 ratione
524 413 601 466 tam
626 411 752 464 motus
778 387 841 463 soli
859 409 961 461 com-

106 491 248 578 munit,
276 515 384 585 quam
412 490 578 588 proprius
601 491 696 563 inter
722 488 755 562 se
780 484 961 561 differant.

107 589 236 687 Itaque
269 589 316 662 lol
347 590 461 663 indies
493 609 599 662 motu
633 608 760 684 raptus
793 607 962 661 commus

106 688 144 760 ni
168 711 233 785 per
262 696 345 782 360
371 689 505 786 gradus
531 686 575 762 ab
600 686 756 762 Oriente
782 686 820 759 in
846 683 968 781 Occi-¹
1005 716 1008 729 =

107 784 255 861 dentem
283 785 463 874 defertur,
487 787 695 886 iterumque
723 783 888 858 reversus
914 782 964 857 ad

106 887 286 960 orientem
327 906 423 960 nova
463 880 628 982 quotiiiie
656 883 813 984 'vestigia
851 879 968 957 telin·-

107 986 221 1082 quit,
264 985 302 1060 &
344 981 665 1084 puneia‘desrgnat
697 986 734 1056 in
767 982 964 1057 horizonte

13 1160 17 1167 ,
83 1103 182 1169 ,tam
216 1086 339 1157 ortivo
378 1107 489 1183 quam
521 1079 683 1169 occiduo,
714 1101 759 1155 ut
794 1101 957 1168 vocant,

105 1185 161 1256 uti
188 1183 227 1256 δε
257 1182 293 1256 in
320 1183 550 1267 Meridiano‚
592 1202 701 1281 atque
735 1182 787 1254 ita
814 1178 959 1280 fingulis

104 1281 233 1355 diebus
263 1282 307 1362 ab
336 1304 412 1356 uno
449 1282 609 1379 Tropico
646 1282 683 1354 in
713 1278 868 1352 alterum
893 1296 959 1376 pet

104 1377 286 1465 circulost
312 1402 405 1476 quos
442 1377 584 1477 spitales
624 1380 662 1454 ἂ
692 1375 884 1476 parallelos
908 1378 961 1475 di·¹

104 1499 207 1564 cunt,
233 1479 320 1552 hinc
346 1481 507 1553 boreales
537 1488 620 1563 182
643 1491 661 1575 g
687 1478 770 1551 inde
797 1477 960 1553 totidem·

100 1577 270 1653 australes
305 1598 558 1675 promovetur.
633 1578 733 1649 idem
775 1579 866 1651 vero
908 1574 957 1651 sot

102 1677 266 1774 quotidie
292 1678 336 1748 ab
363 1676 556 1751 occidente
588 1677 622 1749 in
661 1677 842 1748 orientem
868 1675 956 1749 nori·

101 1772 164 1849 nifi
188 1777 338 1847 unicum
372 1776 516 1848 circiter
546 1776 582 1847 in
608 1775 774 1918 Zooiaco
801 1774 956 1874 gradum

432 1876 442 1916 l
495 1876 514 1917 ll
575 1876 604 1916 ll!
684 1878 712 1917 m

64 1996 67 2004 ,
100 1916 274 2010 absolvit,
304 1919 363 1995 seu
400 1941 461 2011 59,
493 1933 528 2007 8.
569 1944 630 2010 19.
664 1932 727 2010 58.
753 1919 957 2018 exquibus

98 2019 214 2094 modo
237 2039 361 2119 patet,
392 2022 500 2096 lolem
528 2044 633 2095 motu
660 2044 782 2093 annuo
808 2021 956 2118 proprio

97 2135 210 2191 unam
235 2118 461 2194 lolummodo
489 2119 766 2202 revolutionem,
794 2119 884 2191 dum
909 2119 954 2192 'ab

97 2217 299 2316 AEquatore
326 2220 410 2290 hinc
435 2219 473 2291 δι
499 2220 582 2290 inde
609 2218 654 2289 ad
671 2219 858 2315 Tropicos¹
872 2241 955 2317 gre·

97 2315 204 2406 ditus
231 2325 324 2409 232¹-
354 2314 535 2399 declinam
568 2338 674 2389 motu
706 2339 796 2391 vero
828 2335 954 2415 raptus

95 2415 303 2498 communi,
332 2412 444 2512 spatio
470 2416 580 2488 unius
606 2415 690 2488 anni
717 2413 831 2489 ferme
868 2424 959 2509 365.

76 2510 227 2584 demtis
251 2514 405 2586 minutis
427 2516 502 2612 pati
530 2511 781 2600 revolutiones,
810 2536 857 2587 ex
874 2517 953 2613 qui·

9 2666 12 2672 .
94 2610 162 2683 bos
197 2607 313 2685 donus
351 2610 470 2686 solatis
500 2615 745 2713 componitur.
817 2614 953 2783 Nepae

92 2707 230 2809 duplex
254 2708 314 2785 hic
337 2732 475 2800 motus,
489 2714 694 2795 communis
721 2715 758 2786 in
782 2735 871 2785 occa
888 2734 951 2785 um

92 2808 131 2880 δι
158 2809 326 2911 proprius
352 2811 546 2906 adortum
573 2814 745 2898 tendens,
781 2811 951 2909 quamvis

89 2907 243 2983 unicum
279 2930 319 2982 re
353 2907 426 3008 ipsa
459 2908 529 2985 elie
591 2912 665 2984 rius
700 2909 949 2997 ostenderim,

91 3006 295 3082 coelestium
329 3031 526 3104 corporum
558 2935 735 3109 &stemati
769 3028 950 3083 remoram

85 3105 210 3197 injicit
254 3107 362 3186 Luce
386 3107 540 3189 clariora
565 3109 648 3188 sunt
669 3108 950 3285 exemplaque

89 3234 96 3247 ·
847 3228 947 3284 rem
