2086 3682
228 172 256 211 ·’
381 166 639 288 Astro'r'romr'a.
681 188 683 193 '
868 192 949 291 381

91 340 230 419 intueri
261 337 418 429 liceret,
456 337 540 413 solis
579 328 766 438 presentia
808 360 954 437 caeterar

90 439 472 545 omnes-occultante.
551 482 554 487 -

66 654 71 661 ’
166 629 527 730 Reliquiplaoetae,
567 650 640 727 quo
677 626 749 705 soie
775 631 952 709 tardiores

73 745 201 811 ,motu
221 729 283 805 suo
297 732 443 830 proptio
463 729 648 813 incedunt,
664 746 708 803 eo
722 731 850 803 citius:
878 755 952 826 quo

92 829 313 917 velociores,
335 852 381 905 eo
393 829 526 903 lentius
547 849 685 901 metam
705 830 810 927 primi
828 852 953 907 mutus

92 931 295 1029 attingunt.
363 931 511 1028 Quippe
537 949 649 1023 quum
672 924 721 1003 soi
739 930 798 1001 suo
814 930 861 1001 ad
876 932 956 1005 Me·

90 1030 274 1103 ridiunum
293 1028 412 1103 reditu
426 1031 522 1109 diem
549 1030 749 1102 naturalem
766 1028 951 1117 conficiar,

92 1124 235 1203 neceffe
256 1126 325 1214 est,
350 1150 415 1201 eos
432 1127 615 1227 planetas.
642 1131 704 1224 qui
730 1129 825 1201 ultra
843 1127 953 1204 solem
1016 1169 1025 1179 ·

91 1247 202 1307 mutu
227 1225 288 1301 suo
310 1248 519 1313 excurrunt,
534 1226 688 1301 tardius:
705 1228 766 1324 qui
781 1250 871 1301 vero
897 1226 950 1303 so·

90 1326 137 1403 ris
152 1324 295 1401 cursum
318 1350 393 1401 non
407 1324 653 1422 assequuntur,
680 1329 787 1407 citius
807 1329 852 1399 ad
871 1350 950 1405 mo·

91 1446 154 1501 rur
178 1426 287 1525 primi
312 1414 508 1500 terminitm
536 1423 593 1499 seu
621 1427 863 1501 Meridiunum
887 1429 948 1503 de·

90 1524 196 1601 serti:
223 1526 293 1599 hos
318 1526 489 1599 nimirum
509 1527 620 1623 prius,
643 1522 725 1598 illos
750 1524 948 1624 posterius,

92 1648 203 1724 quum
219 1624 296 1698 dies
314 1623 487 1717 oattpaiis
514 1623 556 1716 fit
580 1621 773 1697 absolutus.
825 1626 949 1711 Unum

93 1725 214 1799 adhuc
238 1745 363 1798 motus
387 1725 495 1824 primi
517 1744 688 1798 ortanum
710 1721 863 1822 superest
888 1747 952 1799 ex·

92 1822 312 1922 piic'aodum.
363 1823 539 1922 Equidem
555 1820 606 1896 sol
628 1823 666 1896 δι
692 1823 798 1898 stelrae
820 1848 950 1900 omnes

91 1940 199 1997 motu
215 1924 289 1997 hoc
302 1924 489 1997 communi
507 1919 645 2020 semper
665 1920 767 2021 supra
780 1927 949 1997 horizon·

92 2041 170 2097 tem
186 2018 404 2106 eiustantun
419 2019 559 2115 semper
574 2024 618 2089 ad
635 2021 876 2095 Meridianum
897 2025 950 2097 di.

91 2142 269 2209 vertunt,
297 2120 511 2217 semperque
536 2116 654 2189 rursus
676 2116 766 2191 iosra
784 2120 951 2191 horizon·

92 2240 169 2309 tem
183 2214 411 2336 merguntur.
460 2219 602 2292 Verum
618 2217 790 2291 circuitus
814 2242 879 2315 pro
897 2217 948 2291 lu·
980 2294 985 2305 ,

90 2318 221 2396 corum
238 2318 447 2395 drversrtare
462 2340 647 2415 nunquam
664 2341 737 2391 oon
758 2316 807 2391 est
830 2318 948 2389 diver·

90 2420 168 2509 sus3
184 2442 298 2518 quum
317 2421 413 2491 enim
433 2416 572 2495 telluris
589 2420 746 2505 rotunda
765 2417 806 2501 fit
820 2416 965 2517 siguru,x

89 2515 151 2593 vei
168 2516 294 2601 saltem
313 2543 387 2592 noo
405 2520 496 2591 adeo
513 2514 669 2589 multum
685 2518 948 2597 arotuodarie·

90 2613 227 2703 fletiat,
247 2616 405 2715 coeiique
430 2636 580 2715 regmen
596 2619 697 2709 omni
717 2636 878 2714 exparte
896 2617 948 2690 su.

89 2738 252 2818 prauam
281 2714 322 2788 fit
345 2720 553 2817 expansum,
580 2734 689 2814 atque
714 2718 836 2790 omnia
860 2716 946 2790 side·

88 2840 129 2891 ra
153 2832 334 2918 perpetuo
360 2820 546 2915 agitentur
570 2836 699 2915 motu,
732 2836 881 2912 oportet
905 2833 948 2889 ut

87 2912 194 2992 iocus
216 2913 373 3013 quilibet
404 2914 464 2986 fibi
486 2914 673 3014 proprium
700 2914 832 2987 habeor
857 2934 946 3012 pun·

89 3012 211 3102 Qum,
236 3013 335 3114 quod
366 3010 548 3105 Vertirrrse
573 3035 708 3087 vocant
722 3060 734 3099 ,
759 3016 946 3112 proprium

88 3116 336 3198 horizontem,
352 3116 539 3213 proprium
565 3114 879 3197 Meridianum‚ita
905 3131 948 3187 ut

89 3212 141 3291 soi
156 3212 335 3315 sseiiaeque
351 3235 478 3287 omues
505 3234 570 3311 per
594 3213 708 3288 torius
721 3211 805 3286 coeii
825 3213 950 3387 depur-

285 3352 297 3367 κ
495 3359 500 3371 -
671 3348 676 3357 -
884 3332 948 3386 um
