2086 3682
136 112 221 229 306
453 108 582 228 Capri
617 109 667 200 V
662 105 695 197 I.
905 242 908 249 Ι

120 289 220 350 ¹reat
244 272 403 375 strginas
436 269 482 347 ἕν’
502 270 609 363 saxa„
631 271 800 376 grandia.
862 275 989 370 Qeare
1028 334 1031 343 .

137 379 268 449 mirum
294 373 465 458 videtur,
489 370 512 443 ss
534 394 608 447 non
625 373 775 447 omnino
797 377 989 446 averitate

138 475 296 569 alienum
319 471 473 561 Diodori
504 475 563 569 (a)
598 475 643 551 de
670 472 913 569 Sardanapalo
936 492 988 545 te·

137 572 500 668 stimoniumffiuem
530 575 581 647 ait
602 572 763 645 Niniven
782 569 910 643 frustra
927 573 990 643 ob·

137 669 285 756 sedisse,
332 666 592 743 machinarum.
625 692 697 765 ope
744 668 958 742 destitutum
980 690 1004 735 ε·

19 770 21 785 ’
98 840 103 863 ,
137 770 222 844 Noa
248 770 341 841 eninr
365 762 504 856 ballista
528 784 591 842 aut
618 765 814 860 testudines,
822 782 886 840 aut
900 769 990 840 arie·

139 884 189 944 tes
229 868 301 941 illis
340 861 553 1038 temfaribus
589 865 699 941 adhuc
730 890 768 965 re·
791 881 877 940 arta
906 867 993 959 'fue-

136 978 235 1042 rant.
302 967 406 1063 Eupo
420 978 526 1039 emus
556 980 747 1060 certe-anu
799 960 1021 1039 iiusebiu'tn¹

132 1066 289 1143 asserere
308 1087 387 1139 non·
403 1064 599 1152 dubitat,›a
621 1065 721 1140 Mose
748 1065 922 1163 pleraque
940 1087 991 1137 ar-

138 1188 286 1241 morum
314 1163 624 1245 &machinarum
652 1176 785 1265 genera
809 1162 916 1236 'inisse
937 1186 994 1236 re·

131 1282 253 1366 perta.
320 1263 390 1335 Sed
418 1262 456 1335 ἃ
486 1264 606 1337 Graeci
626 1288 670 1337 ac
690 1265 845 1337 Romani
869 1265 915 1335 de
933 1266 992 1335 ha·

138 1387 221 1437 rum
242 1362 456 1436 inventione
478 1384 621 1437 certent
632 1411 645 1450 ,
664 1384 819 1459 utraque
837 1382 942 1458 parte
955 1358 994 1432 sr-

140 1464 176 1536 bi
190 1459 348 1557 'palmam
361 1463 592 1537 vendicante
641 1462 842 1535 Athenaeus
860 1468 929 1553 (t)
948 1461 993 1531 de

122 1562 314 1637 domans
334 1561 386 1633 ait
410 1586 420 1633 ι
454 1587 474 1634 a
498 1560 636 1634 Graecis
668 1563 865 1632 machinas·
886 1561 924 1634 ἃ
944 1561 993 1635 in'e

63 1689 67 1695 ·
142 1659 339 1733 strumenta
362 1658 489 1732 bellica
509 1682 593 1730 cum
612 1657 832 1741 didicissent,
853 1658 914 1754 ipsi
931 1678 998 1731 eos-

142 1754 294 1859 aggreffi
329 1757 419 1830 sunt.
496 1758 723 1831 Nominatim
760 1757 884 1830 Pericli
920 1757 992 1856 gia

142 1860 233 1933 riam
263 1856 359 1930 hanc
384 1855 512 1929 tribuit
550 1854 736 1930 Diodorus
765 1858 840 1949 (u)
891 1853 994 1928 Stru-

141 1957 203 2031 xit
228 1949 405 2029 machinas
423 1957 566 2054 primus
591 1958 744 2034 ananiam
770 1972 852 2027 arne
868 1952 922 2044 st,
941 1952 995 2035 d?

142 2080 198 2128 aas
225 2080 300 2156 qna
324 2057 453 2135 arietis
490 2049 662 2128 dicantar
674 2104 688 2143 ,
730 2052 777 2128 θ’
815 2050 997 2144 testudinei
1026 2070 1029 2075 '

142 2155 338 2227 Artemone
366 2149 569 2227 Clozameao
586 2150 804 2246 fabricante.
856 2153 997 2226 Verum

143 2248 408 2352 quei'Perieles
425 2251 560 2328 Graius
575 2255 710 2352 primus
732 2255 894 2349 potuerit
913 2250 996 2340 esse,

137 2375 218 2425 non
248 2353 382 2437 video,
419 2353 523 2445 cujus
555 2371 641 2423 aetas
672 2352 708 2423 in
731 2372 866 2437 annum
888 2351 998 2425 Urbis

144 2449 300 2527 eonditae
334 2450 626 2524 trecentesimum
666 2444 878 2547 vigefimur'n
910 2449 999 2523 inci·

136 2550 220 2631 dit,
251 2570 365 2645 quum
387 2569 511 2623 tamen
534 2549 579 2619 de
598 2549 724 2619 Servio
738 2544 848 2620 Tullo
866 2549 998 2622 Roma·

94 2672 100 2684 ·
144 2670 194 2722 no
213 2654 232 2744 (
251 2649 312 2744 qui
342 2650 435 2721 vixit
465 2650 509 2719 U.
536 2645 581 2716 C.
607 2645 853 2719 ducentesimo
875 2645 1010 2746 vigea·

143 2770 226 2829 mo,
254 2748 397 2844 integro
412 2745 514 2841 proin
532 2742 651 2816 seculo
666 2749 764 2843 prior
780 2747 795 2842 )
813 2746 938 2818 Livius
962 2747 1002 2821 in

144 2846 292 2921 historia
317 2842 378 2916 sua
399 2839 561 2914 reserat:
607 2848 788 2918 Cantus-ias
807 2841 1002 2935 fabrorum

117 2941 230 3021 ,duas
262 2937 474 3028 ordinavit,
516 2964 590 3040 qua
627 2937 804 3017 machinas
846 2943 886 3013 ia
918 2939 1001 3135 bfalia

947 3068 1001 3117 er.

225 3154 295 3238 (e)
320 3152 390 3221 Lib.
404 3174 453 3220 11.
549 3163 566 3240 (
574 3159 612 3236 t)
648 3154 762 3240 Instar
776 3152 853 3223 Lis.
865 3157 896 3225 6.

227 3255 296 3334 (u)
326 3249 457 3322 st0120
