2086 3682
210 172 520 277 Architriionica
547 174 755 269 Mililnris.
851 206 933 295 291

86 335 280 415 recellilius
316 330 556 415 tumultuario
592 366 703 441 opere
740 341 941 433 struendis,

86 439 210 513 itaut
239 463 378 513 novum
419 441 537 514 veluti
573 442 886 540 propugnaculum
919 468 942 519 e

86 540 216 637 prioris
235 542 340 612 ruina
364 536 540 613 nascatur.

157 666 435 744 Fundamentum
464 669 508 744 V
507 668 557 742 II.
628 668 757 745 Lorica
793 674 943 747 interior

85 768 279 843 altitudine
296 769 354 842 sua
371 778 405 843 6.
419 772 530 868 pedes
549 790 622 842 non
640 773 803 844 excedat.
835 772 943 853 Hanc

86 868 146 959 fibi
167 866 373 941 mensuram
392 890 472 941 nec
494 867 600 941 aliam
629 872 759 943 merito
773 870 944 970 ¹postulat:

86 965 314 1053 loricaefinis
341 967 501 1040 aculus.
574 970 723 1067 Quippe
752 970 850 1041 vallo
881 992 945 1042 ex·

87 1062 223 1139 strudlo
264 1066 301 1139 δι
333 1068 447 1164 probe
478 1065 622 1138 firmato
663 1069 875 1163 imponitur·
897 1066 945 1141 ad

87 1167 247 1239 tuendos
264 1167 300 1237 in
323 1164 532 1238 ambulacro
550 1165 704 1237 militesr
728 1168 861 1257 horum
881 1190 944 1241 au·

89 1284 162 1339 tem
188 1262 345 1349 statura,
377 1284 421 1336 nt
445 1263 593 1336 alterius
628 1264 790 1356 cujus-vis
819 1266 945 1340 homi·

89 1364 154 1449 nis,
183 1364 249 1435 vix
268 1386 426 1458 unquam
441 1371 474 1437 6.
493 1364 603 1462 pedes
616 1363 771 1436 excedit.
810 1360 943 1460 Quid*

89 1463 176 1577 guid
196 1484 285 1561 ergo
299 1460 415 1575 ⁸molis
431 1461 693 1560 superadditur,
710 1460 944 1561 superfluumt

88 1582 202 1635 rmmo
225 1582 400 1633 nocivum
427 1582 505 1634 errt.

160 1687 438 1771 Fundamentum
468 1682 580 1769 VIII.
622 1687 760 1768 [oricae
784 1690 944 1771 latitudo

87 1784 130 1865 fit
155 1814 221 1867 ιι.
249 1813 315 1865 aut
344 1816 407 1883 23.
435 1784 583 1893 pedum.
648 1790 707 1866 Sic
738 1792 833 1865 enim
859 1816 947 1893 apta

88 1889 162 1963 etit
185 1891 229 1963 ad
252 1890 471 1966 Iullinendos
499 1910 768 1965 tormentorum
798 1888 946 1981 bellico·

86 2010 174 2063 rum
199 1986 328 2087 globos
338 2036 351 2074 ,
386 1992 450 2084 qui
483 1989 580 2061 ultra
608 2012 671 2063 20.
696 1987 806 2085 pedes
834 1993 947 2073 etiarn

86 2084 126 2161 in
163 2086 298 2161 molem
341 2084 545 2160 terrestrem
577 2086 638 2157 vel
669 2086 818 2157 omnino
848 2111 945 2175 non,

87 2182 150 2267 vel
175 2184 246 2260 fine
266 2186 404 2261 viribus
427 2185 464 2259 ὅ(
486 2187 620 2259 damno
638 2202 843 2283 penetrant.

164 2312 443 2393 Fundamentum
468 2314 538 2390 IX.
592 2314 774 2399 Altitudo¹
787 2316 947 2389 exterior

86 2412 231 2491 Imricae
252 2441 287 2506 4.
313 2421 422 2517 pedes
455 2441 528 2490 non
566 2414 719 2514 superet.
793 2417 947 2490 Memini

86 2516 161 2611 jam
181 2517 307 2615 prius,
332 2516 480 2589 loricam
497 2518 550 2588 ita
567 2512 723 2588 construi
734 2515 881 2600 debere,
903 2535 947 2590 ut

88 2636 135 2687 ex
166 2638 211 2689 en
237 2617 369 2687 milites
395 2618 522 2688 urbem
551 2611 787 2686 defendentes
814 2616 850 2684 in
881 2616 947 2686 ho-

91 2712 180 2787 stem
199 2718 347 2811 propius
372 2718 608 2805 accedentem
625 2710 762 2810 Iclopos
782 2735 948 2785 commo·

92 2814 136 2887 de
186 2809 293 2886 offint
319 2834 542 2896 exonerare,
581 2813 682 2906 quod
709 2810 947 2883 commodum

89 2838 219 2987 frurlra
251 2898 503 3010 expedaretut
531 2934 550 2979 a
586 2909 698 2981 lorIca
725 2930 760 2998 4.
794 2908 948 3003 pedibus

88 3012 249 3097 altiore,
289 3007 480 3109 praelertim
513 3004 534 3077 fi
557 3005 652 3079 foret
674 3004 805 3089 latior,
833 3027 948 3101 quum

90 3112 144 3184 ita
165 3109 261 3186 folsae
282 3106 505 3209 profundum
527 3128 656 3178 eorum
685 3101 801 3176 oculis
826 3103 863 3174 δι
893 3124 949 3175 πυ

93 3211 164 3283 mis
176 3209 405 3282 subduceret.

144 3256 680 3386 Βιιιιοτπ.ὓοκιῑετ.1.η.1Χ.
711 3339 714 3345 ·
764 3295 797 3371 T
855 3276 949 3373 Fun·
