2086 3682
84 69 87 79 ’
136 126 226 229 438
460 107 587 229 Caput
622 106 720 203 Vu.

20 317 47 338 ·.
87 321 89 330 ·
136 272 287 375 aliquod
309 270 395 344 luna
419 276 577 357 tenebris
602 273 752 348 omnino
783 270 921 372 sepulta
936 271 984 366 ja·

137 375 246 448 cebit.
293 372 453 464 Quoties
469 395 558 447 vero
579 371 734 446 latitudo
754 369 848 445 lunae
867 369 986 468 praeci·

137 469 174 552 se
198 489 301 550 tanta
323 469 452 558 fuerit,
490 491 532 544 ut
558 471 830 571 quamprimum
857 468 986 545 ultima

136 568 234 649 luna
260 592 342 668 pars
361 567 515 645 terrestri
536 569 671 642 umbrae
685 566 926 668 immergitur,
940 564 986 641 al·

138 688 220 750 tera
247 666 366 744 rursus
403 689 595 771 emergat,
628 666 764 769 eclipfis
794 666 890 745 lunae
920 663 988 743 fine

138 789 242 845 mora
259 767 460 871 continget.
520 807 524 815 ¹

156 1016 160 1029 «
214 987 250 1040 2.
267 964 319 1039 Eo
340 964 458 1061 major
478 963 528 1039 est
551 958 686 1065 'eclipfis
709 987 752 1038 ac
771 960 991 1048 diuturnior,

139 1077 214 1164 'quo
233 1084 322 1136 tunc
344 1063 429 1138 luna
442 1063 493 1138 est
508 1066 611 1138 terris
631 1065 797 1147 vicinior,
813 1061 899 1160 quia
916 1081 992 1135 am·

137 1161 245 1269 pliori
264 1163 400 1238 umbrae
418 1164 554 1237 conicae
574 1161 759 1262 segmento
787 1159 990 1260 mergitura
1015 1248 1017 1257 y

88 1306 92 1330 ,
137 1261 299 1337 maxima
325 1261 461 1359 eclipsis
491 1258 632 1334 duratio
658 1263 859 1354 (horarum
879 1257 991 1337 ,circi-

139 1364 399 1457 tet'quatuot)
415 1357 481 1439 est,
498 1359 568 1438 sole
589 1384 633 1439 ac
657 1359 745 1444 luna
766 1357 925 1464 apogaeis
944 1356 991 1461 ob

139 1459 338 1541 tardiorem
360 1477 515 1536 motum.
621 1474 624 1499 ¹
685 1466 689 1471 ’
901 1492 911 1497 ··

224 1678 257 1750 3.
285 1658 433 1730 Initium
463 1656 604 1730 ducunt
634 1652 783 1752 eclipses
805 1651 953 1729 lunares
971 1646 1011 1730 a

138 1773 245 1856 parte
267 1753 469 1842 Orientali,
491 1779 535 1829 ac
558 1752 790 1837 deficiuntin
809 1751 1008 1840 Occiden->

139 1851 227 1936 tali;
247 1855 348 1947 cujus
365 1854 417 1930 rei
440 1855 532 1928 ratio
554 1853 623 1939 est,
647 1852 748 1952 quod
770 1849 858 1927 luna
890 1850 995 1926 uelo-

50 1952 53 1969 *
140 1953 219 2026 cius
238 1974 433 2028 moveatur
448 1976 557 2052 quam
577 1951 627 2028 sol
651 1955 695 2026 ab
718 1948 848 2027 occasu
870 1948 995 2030 versus

139 2071 277 2125 ortum.
338 2055 467 2152 ltaque
495 2076 577 2151 pars
603 2051 733 2131 orienti
756 2049 995 2150 propinquior

54 2163 57 2173 “
140 2152 250 2227 citius
273 2153 408 2239 umbrae
439 2150 593 2224 terrestri
613 2151 860 2250 immergitur,
881 2169 995 2247 quam

70 2235 79 2259 '
136 2249 403 2350 occidentalis,
428 2249 466 2321 &
487 2251 566 2326 haec
581 2273 729 2355 quoque
749 2245 995 2354 postremae:

133 2348 270 2426 ‘eadem
289 2349 489 2447 egreditur.

218 2564 255 2636 4.
274 2548 482 2640 Antequam
511 2570 595 2644 pars·
623 2543 717 2619 lunae
745 2543 879 2618 orienti
905 2541 992 2617 vici·

140 2640 223 2715 nior
245 2642 477 2730 obscuratur,
499 2647 641 2744 integra
659 2644 753 2716 lunae
775 2643 895 2720 orbita
920 2639 993 2740 pal·

56 2784 59 2797 ι
139 2739 256 2817 lotem
289 2742 433 2829 induit,
456 2744 611 2817 debilem
634 2760 776 2829 tamen,
797 2742 860 2840 qui
886 2739 992 2918 origi·

125 2841 518 2918 ,neminum-eterra
538 2842 758 2940 penumbra‚
785 2840 822 2915 in
848 2863 940 2936 qua.
958 2860 993 2914 u·

140 2962 190 3014 na
211 2934 390 3026 versatur,
416 2941 630 3046 priusquam
651 2939 787 3022 umbrae
807 2937 871 3047 ipit
895 2936 991 3045 peni·

140 3053 206 3117 tue
226 3040 474 3145 immergatuu

866 3255 904 3336 ς.
923 3235 990 3317 Lu·
