2086 3682
341 261 347 266 .
385 174 555 309 Dima·
600 250 629 261 ..
840 142 934 300 143,

66 335 160 416 scat:
187 333 404 435 posteriores
418 364 541 431 γεω,
567 339 656 440 quia
679 335 818 442 semper
844 371 926 446 pra·
972 436 975 443 ¹

65 463 157 513 vum
182 436 340 536 aliquem
379 439 526 514 succum
560 439 732 515 comite'rn
756 443 894 521 habent
907 493 930 537 ,-

66 541 130 640 qui
152 536 310 635 chylunr
329 540 533 639 corrumpit
557 540 594 614 δι
620 537 841 616 fermentum
887 569 925 619 e·

65 659 195 726 norat,
224 638 309 712 hinc
333 662 441 739 parce
467 639 541 714 istis
562 638 743 713 utendum
760 638 830 715 eise
862 667 932 743 ua·⁸

65 741 181 825 dent,
217 760 334 836 quum
365 739 627 814 medicamenti
658 740 925 839 potiusquam

64 838 227 914 alimenti
254 837 435 913 rationem
459 838 638 928 habeant,
662 856 843 936 quatenus
861 836 925 915 vel

64 937 189 1013 aestum
220 938 382 1035 corporis
407 938 600 1038 mitigant,
639 937 747 1012 bilem
780 958 930 1040 tempe·¹

62 1057 170 1125 rant,
196 1033 479 1136 sanguinemque
506 1036 751 1135 refrigerant,
786 1036 925 1136 vel‘al·
1009 1075 1011 1079 .

10 1139 14 1144 ’
52 1158 156 1229 ,vum
182 1134 398 1223 emolliunt,
425 1156 491 1209 aut
517 1134 539 1209 fi
565 1159 659 1307 oque
682 1133 728 1209 sit
750 1132 952 1215 tonstrina·

64 1254 168 1334 gunt.
219 1232 310 1308 Haec
334 1236 380 1308 de
406 1237 494 1311 cibis
517 1233 590 1309 insa
606 1234 768 1322 ubiibus,
789 1259 925 1312 caven·

64 1337 196 1432 disque
235 1334 466 1410 Medicorum
508 1331 643 1428 iudicia
684 1333 776 1408 sunt.
849 1332 928 1423 Sed

65 1448 173 1508 eruut
220 1430 316 1508 forte
351 1457 426 1507 non
462 1434 596 1532 pauci,
640 1435 705 1531 qui
735 1434 813 1508 haec
837 1432 925 1533 ,ipsa-

63 1531 246 1649 spernant,
271 1532 385 1608 immo
412 1533 566 1618 rideant,
590 1532 754 1606 dicentes
775 1532 845 1606 hac
864 1556 925 1607 rau

64 1651 165 1705 tione
191 1631 255 1704 vix
281 1653 354 1704 non
380 1630 424 1704 ab
449 1633 618 1706 omnibus
640 1649 770 1729 prater
811 1638 931 1707 anem'
999 1666 1001 1676 =

63 1730 101 1805 δι
133 1754 278 1804 carnem
318 1728 568 1806 abstinendum
607 1726 698 1803 fore.
814 1728 924 1825 erum

27 1828 30 1836 ’
61 1829 172 1902 hosce
199 1825 295 1900 nosse
320 1850 489 1923 oportet,
517 1829 620 1928 loqui
644 1824 823 1904 Medicus·
838 1847 922 1927 tuan

60 1930 110 1999 de
138 1916 343 2020 aliquosum
370 1947 390 1994 e
417 1928 511 2013 cibis¹
540 1925 612 1996 istis
635 1928 788 1998 nimium
814 1926 923 2001 fami.

60 2022 141 2101 liari
176 2044 220 2094 ac
245 2016 446 2095 liberaliore
482 2018 567 2105 usu,
598 2019 714 2116 qualis
746 2022 922 2190 utiquea

61 2123 196 2224 quovis
222 2117 381 2194 sanitatis
406 2116 659 2193 conservande
686 2115 839 2194 studioo
880 2142 921 2199 et

52 2225 208 2297 diaetam
235 2218 385 2294 omnino
412 2216 492 2293 tolli
518 2219 640 2305 debet,
667 2235 746 2291 tum
767 2221 814 2292 de
833 2146 922 2298 alio,

34 2345 145 2417 ,rum
171 2317 332 2418 maligna
353 2317 411 2405 vi,
437 2341 547 2416 quam
563 2402 565 2409 y
580 2317 619 2391 in
644 2314 725 2391 illos
749 2339 921 2396 exercere

59 2415 287 2538 potissimum
314 2415 447 2505 solent,
479 2419 565 2516 quia
596 2416 669 2513 jam
698 2419 802 2516 prius
832 2441 919 2495 curn

60 2517 204 2594 infirma
232 2516 462 2603 valetudine,
498 2514 605 2590 debili
637 2513 845 2604 stomach0,
880 2515 938 2613 δι’

59 2619 179 2695 noxiis
212 2615 428 2691 humoribus
457 2611 738 2701 conflictantur,
785 2616 918 2712 quibus

57 2717 214 2820 proinde
239 2716 420 2790 medicina
445 2715 545 2800 hac,
577 2711 712 2789 scilicet
742 2714 917 2790 abstinen-

57 2816 135 2904 tia,
163 2814 222 2890 vel
256 2816 415 2889 maxime
439 2810 632 2889 necessaria
657 2813 730 2898 est,
771 2834 817 2887 ne
842 2812 918 2913 ignl

58 2917 186 2992 oleum
213 2911 413 2987 affundant.
491 2915 550 2988 -Ex
576 2913 647 2987 hac
670 2910 744 3007 ipsa
773 2934 816 2985 re
836 2937 918 3011 gra·
964 2983 966 2987 ,

57 3017 180 3110 visin
205 3012 287 3088 foro
313 3013 454 3086 medico
481 3011 640 3111 exsurgit
671 3009 837 3106 quaestio,
864 3014 913 3086 ni·

58 3110 193 3189 mirum
227 3137 272 3186 an
299 3111 556 3186 alimentorum
588 3110 772 3209 quantitas
798 3115 916 3210 magis

56 3234 213 3300 noceat,
242 3234 351 3310 quam
378 3208 578 3291 eorundem
605 3205 788 3308 qualitas?
812 3212 915 3306 Quo·

61 3406 63 3410 A
111 3315 625 3390 umnamuoassatmdt
706 3305 744 3382 K
817 3314 918 3389 niam
