2086 3682
112 80 206 209 252
254 144 257 151 ·
327 146 330 155 ·
420 112 549 232 Caput
583 110 706 203 Vsu

110 276 293 378 compieta
308 277 348 354 ἃ
367 298 433 377 per
448 296 570 354 totum
584 300 717 374 corpus
736 275 864 352 diffusa
880 306 891 351 r
908 278 972 355 alit

114 383 174 454 itu
195 378 422 478 'hemipiexia
456 378 614 475 mediam
638 397 779 475 partem
810 383 974 477 corporis

114 474 228 555 afficit
255 505 262 546 :
292 478 362 552 alia
396 500 511 550 unum
545 475 750 563 alterumve
796 479 982 554 duntaxat

113 579 346 666 membrum,
376 599 460 675 quae
481 574 686 683 paraplexie
705 598 876 651 vocatur.

127 764 130 768 ι
187 720 359 822 Paralyfir
384 722 435 797 est
464 720 638 798 extinfflo
671 710 795 797 motus
834 725 874 798 iu
900 749 971 799 una

115 821 177 900 vei
201 823 362 922 pluribus
387 824 564 921 partibus,
590 819 843 898 deficientibus
871 826 971 901 nimi·

115 946 199 998 rum
221 921 410 1017 spiritibus,
424 923 513 994 dum
540 920 599 996 vel
626 944 699 996 non
718 918 896 1012 influunt,
913 923 970 999 vei

115 1046 190 1097 non
225 1021 349 1095 debito
382 1011 496 1095 motio
533 1021 758 1118 inpartibus
793 1024 968 1124 recipiun-

116 1140 188 1194 tur.
246 1122 345 1193 Inter
370 1120 518 1194 morbos
541 1140 666 1194 autem
692 1121 819 1218 capitis
846 1146 968 1199 numo·

115 1240 234 1307 ratur,
258 1219 344 1318 quia
369 1220 548 1320 originem
576 1213 674 1293 suam
699 1220 803 1294 ducit
828 1212 970 1320 u‘ipina

105 1317 386 1416 'dorfi‘ejurque
410 1316 597 1405 medulla,
628 1320 749 1392 nervis
771 1316 834 1395 vel
853 1321 968 1394 nimio

114 1414 249 1516 frigore
275 1414 470 1491 constriffls
502 1416 563 1491 vel
586 1419 750 1493 humore
776 1416 887 1493 crasso
913 1418 971 1494 τοὶ

19 1578 23 1585 .
113 1515 232 1617 pletis.
302 1512 853 1592 Huic.affin1sestparefis·seu
882 1514 969 1592 Con·

100 1616 288 1708 trabium,
313 1636 357 1689 ut
372 1637 532 1711 vocant,
557 1616 645 1689 dum
663 1634 788 1691 motus
802 1640 873 1691 non
892 1617 968 1715 qui·

114 1714 204 1788 dem·
220 1715 300 1803 ille,
329 1714 392 1813 qui
418 1739 440 1787 a
460 1734 614 1800 natura,
636 1711 694 1788 sed
722 1718 785 1819 qui
802 1740 823 1807 a
838 1713 969 1788 volun·

113 1813 200 1888 ratis
234 1811 384 1911 imperio
415 1813 613 1911 procedere
644 1809 736 1891 solet
749 1864 762 1904 ,
794 1812 969 1893 ,aboletur

113 1934 179 1987 aut
202 1911 433 1998 diminuitur,
455 1908 626 1985 fibrarum
647 1937 691 1986 ac
720 1910 967 1989 musculorum

85 2031 203 2088 =tono
224 2008 386 2085 relaxato
418 2006 683 2109 destruetoque.
756 2086 760 2093 ,

112 2242 116 2251 Ι
186 2148 388 2250 Οοηυιιῖβο,
407 2153 583 2273 Spasmur,
606 2151 777 2257 Epilepfia
796 2154 847 2232 est
869 2180 970 2234 mor·

111 2256 198 2343 bus,
224 2280 301 2356 quo
328 2278 430 2330 nervr
451 2253 726 2342 distenduntur,⁴
743 2281 786 2331 ac
813 2257 966 2333 musculi

108 2352 966 2456 'versusprincipiumsuumretrahuntur,metn-

112 2457 185 2530 bris
200 2454 314 2529 subito
331 2457 471 2552 impetu
489 2478 553 2553 per
571 2456 671 2529 vices
687 2456 835 2554 agitatis
855 2472 964 2552 atque

108 2550 310 2630 roncuffis:
336 2552 358 2625 st
382 2572 504 2627 torum
527 2576 660 2653 corpus
677 2554 868 2652 pervadat,
884 2554 964 2650 Epi·
1008 2642 1010 2657 Ι

111 2652 217 2755 iepsra
240 2653 299 2728 seu
321 2655 477 2725 morbus·
493 2655 652 2726 caducus
671 2651 733 2726 vel
754 2649 964 2728 comitialis

108 2760 271 2841 dicitur,
301 2753 424 2850 estque
451 2775 537 2826 cum
567 2751 698 2827 mentis
731 2775 775 2825 ac
800 2749 963 2825 seniuum

108 2855 251 2930 iaefione
269 2848 471 2944 conjuneia.
530 2851 620 2925 H't'tc
639 2850 791 2936 accidit,
814 2851 965 2947 quando

109 2972 192 3030 tum
219 2974 352 3028 teuerae
374 2973 569 3026 nervorum
603 2948 699 3024 fibrae
725 2951 763 3023 in
783 2947 966 3025 membra·
999 3012 1003 3019 .

72 3064 77 3069 '
108 3057 164 3129 nis
193 3056 347 3128 humore
380 3054 459 3136 acri
491 3072 535 3122 ac
561 3046 727 3148 maligno
753 3049 965 3138 irritantur,

109 3172 191 3229 tum
210 3147 541 3254 spiritur-animales
561 3146 774 3224 turbulento
797 3152 907 3221 motu
928 3149 964 3226 in

124 3268 155 3295 ‘-
194 3296 201 3309 -
653 3262 657 3269 “
884 3270 966 3324 ner·-
