2086 3682
144 227 229 329 388
383 213 580 334 *Caput
614 211 707 305 mr.

69 446 71 451 .
113 378 214 473 ‚effe
237 384 400 465 Venere,
428 380 522 454 hanc
547 380 744 467 Mercurio,
771 376 875 454 istum
886 374 992 469 Solet

143 479 304 554 Martem
330 478 536 578 propiorem
561 479 668 578 Jove3
687 479 725 554 ὅ(
748 479 846 554 hunc
870 480 993 553 Sator·

136 593 202 653 no·
267 577 366 651 Mars
391 577 501 653 etiarn
516 627 527 663 ,
563 577 585 651 sr
611 600 696 651 curn
722 575 831 653 oculo
859 576 896 651 &
921 574 993 654 iole

134 677 180 751 'in
205 672 454 750 eadem-visus
478 674 573 750 linea
598 673 788 764 versatur‚'
803 682 992 775 nunq'uam

25 843 30 853 .
136 794 230 851 'ante
272 772 381 848 solem
416 770 708 874 conspiciendum
743 773 777 849 se
809 776 992 874 praebuit3

141 876 267 971 itaque
292 874 352 946 hic
376 896 526 973 quoque⁴
550 873 693 974 planeta
718 872 795 974 post
817 871 927 948 solem
945 870 993 950 se·

142 975 297 1070 quitur,
332 971 559 1072 &longiore
586 971 779 1048 intervallo
813 997 835 1044 a
860 970 993 1046 tellure

112 1130 115 1135 .
143 1069 261 1155 distat,
273 1071 440 1174 quamvis
465 1072 659 1172 aliquando
682 1074 731 1164 *ad
757 1092 890 1147 terram
909 1093 993 1173 pro·

142 1171 226 1269 pius
252 1190 362 1268 quarn
388 1167 438 1244 sol
457 1168 531 1270 ipse
554 1170 715 1245 accedat.
781 1170 950 1268 Denique
973 1195 993 1243 a

125 1267 305 1369 'planetis¹
326 1270 448 1368 sepius
475 1268 561 1343 fixas
588 1268 763 1344 occultari
791 1270 993 1366 deprehen·

142 1368 282 1452 dimus,
310 1390 494 1468 nunquam
521 1366 684 1466 planetas
709 1394 730 1442 a
755 1367 855 1442 fixis:
881 1368 994 1469 igitur

141 1467 209 1540 has
236 1488 308 1567 prae
334 1464 401 1539 illis
432 1487 570 1541 aterra
595 1457 811 1542 remotiores
837 1463 929 1556 esse,
954 1466 993 1543 d'c

142 1563 349 1664 supremum
376 1566 413 1638 in
437 1564 540 1639 coelis
562 1566 684 1640 locum
705 1566 870 1641 obtinere
883 1588 999 1669 opor.

134 1679 210 1740 'tet⁸
293 1663 419 1738 Tertia
453 1689 568 1762 eaque
600 1663 759 1751 subtilior
787 1663 991 1741 observatio

94 1785 97 1789 ’
143 1762 207 1849 est,
234 1787 306 1861 qua
330 1761 406 1858 (ut
422 1758 510 1836 nihil
533 1760 690 1850 desole,
717 1761 821 1850 luna,
848 1787 992 1840 eorum·
1032 1791 1034 1796 ’

89 1888 92 1893 ·
143 1884 216 1961 que
249 1858 436 1958 eclipssbus
471 1868 708 1959 memorem)
732 1864 854 1936 caeteri
888 1866 993 1960 quin·-

79 1966 82 1977 '
144 1984 215 2060 que
242 1957 394 2059 planetae
420 1984 494 2035 non
521 1961 659 2060 semper
682 1959 752 2038 effe
775 1957 916 2049 direiit',
933 1960 1016 2061 ¹seu'

132 2056 276 2133 'dirodia
302 2061 441 2160 ingredi
459 2061 550 2145 via,
584 2061 727 2136 scilicet
764 2084 853 2134 non.
871 2058 992 2136 secun·

133 2160 232 2232 dum
269 2159 422 2234 Zodiaci
456 2159 635 2260 fignornm
672 2162 834 2235 ordinem
866 2182 993 2259 proce·

142 2259 228 2332 dere
256 2257 336 2331 sunt
361 2257 594 2354 deprehenfi,
631 2256 687 2332 sed
712 2259 895 2332 interdurn
922 2256 991 2333 eise

143 2353 349 2456 retrogradi
374 2355 432 2429 seu
457 2357 698 2442 retrocedere,
725 2357 908 2433 interdum
922 2354 991 2431 esse

132 2451 342 2551 stationales
369 2452 440 2528 sive
460 2455 694 2546 stationarii,
725 2457 845 2530 itaut
869 2455 991 2556 aliquo

142 2571 218 2627 tem
247 2554 319 2628 oris
345 2549 457 2653 spatio
485 2555 581 2654 apud
605 2557 751 2629 easdem
774 2553 862 2629 fixas
880 2555 991 2630 haere·

129 2669 182 2727 ‘re
233 2652 462 2751 ivertereque
486 2654 706 2740 ¹videantur:
733 2655 873 2728 rurium
892 2651 992 2754 quod

141 2774 241 2824 nunc
276 2752 392 2852 magis
436 2775 533 2826 nunc
567 2752 687 2825 minus
722 2778 790 2829 eva
817 2772 928 2828 entur
954 2752 991 2827 io

142 2847 313 2927 Austrum
343 2851 566 2926 &Boream
641 2852 717 2926 Prae
749 2778 900 2951 reiquis
928 2874 992 2930 au·

143 2968 220 3024 tem
265 2948 474 3050 ‘superiores
514 2952 739 3041 Saturnum,
768 2951 914 3049 ⁸Jovern
949 2972 992 3025 ao

142 3049 303 3124 Martem
329 3048 565 3126 observarunt
589 3075 609 3123 a
637 3047 709 3125 sole
736 3049 903 3150 digredi,
937 3046 991 3124 us·

143 3170 217 3248 que
235 3148 326 3242 dom
353 3149 394 3223 ei‘
411 3169 655 3248 opponantur,
676 3149 714 3223 δι
737 3167 828 3224 tunc
853 3149 991 3253 semper

144 3244 214 3327 effe
262 3249 495 3355 retrogradus
530 3247 569 3326 δι
600 3243 744 3354 aspere
775 3250 988 3364 maximopr

168 3372 173 3378 ·
936 3370 990 3425 rn-
