2086 3682
153 35 169 67 '
238 127 414 263 Historia
445 64 638 239 Mothefir.
805 66 889 245 ²47

56 293 124 369 rim
165 316 188 368 e
217 292 496 368 Recentioribus
525 291 663 368 incolas
695 290 810 369 Lunae
838 297 889 371 in·

56 391 163 471 exiise
189 391 286 466 visus
310 391 370 485 est.

120 537 229 613 Italia
253 563 349 613 anno
381 545 486 633 1564
512 538 652 639 muodo
679 538 794 615 edidit
814 540 889 616 Ga·

56 635 161 715 iaeum
188 638 234 712 de
258 635 440 725 Galiiaeis,
466 637 727 715 Florentinum.
787 640 889 716 Huic

56 735 238 815 [atheieos
263 736 476 811 cathedram
511 741 711 815 Academia
744 739 886 816 Patavi·

56 861 187 915 rcum
214 860 337 915 annuo
364 832 657 935 ostingentorum
690 863 888 915 aureorum

56 937 203 1012 i'endio
226 934 397 1017 contulit.
466 937 621 1013 Munere
646 940 719 1013 hoc
740 935 888 1013 fundus

56 962 168 1209 iper
193 1033 399 1110 odiodecirn
426 1059 569 1123 annos,
606 1034 838 1135 postmodum
867 1064 889 1113 a

56 1148 87 1211 'ro
102 1161 165 1226 ma
189 1136 232 1206 ΙΙ.
260 1137 400 1235 Magno
424 1134 608 1209 Hetruriae
623 1136 889 1212 DuceMathe·

56 1236 154 1311 ratiti
187 1233 385 1311 Florentini
421 1236 585 1310 Primarii
621 1235 802 1335 dignitate
828 1259 890 1310 au·

56 1358 115 1409 us.
189 1332 363 1410 Praeciare
388 1333 435 1410 de
460 1337 598 1410 Statica
633 1336 671 1409 δι
694 1334 887 1412 Mechaoi·

56 1460 79 1523 ι,
93 1433 142 1510 ad
168 1436 321 1533 quirum
346 1433 447 1535 leges
470 1459 593 1510 rerum
610 1456 780 1512 naturam
801 1459 889 1513 ero·

56 1557 109 1609 rte
135 1533 286 1634 coepit,
320 1536 500 1634 praecipue
525 1536 616 1611 v'ero
642 1536 689 1610 de
704 1534 888 1611 -Astrono·

56 1634 98 1709 ria
119 1633 279 1709 meritus
304 1633 375 1707 fuit
397 1633 571 1709 Galiiaeus
596 1654 747 1734 propter
777 1633 888 1710 coele·

56 1756 116 1823 er,
142 1754 235 1831 quas
261 1731 457 1835 telescopio
492 1734 554 1808 iuo
585 1733 740 1810 instituit
768 1733 888 1811 obser·

56 1833 233 1917 ationes3
270 1832 443 1906 nimirum
476 1833 515 1907 io
538 1830 633 1908 lunae
657 1833 750 1910 facie
790 1832 888 1935 aspe-

56 1953 253 2031 reportes,
279 1932 449 2033 praealtos
476 1954 644 2020 montes,
671 1932 887 2033 profundas·

56 2050 100 2111 ot.
130 2028 247 2106 valles
278 2033 426 2108 notavit
456 2052 578 2129 atque⁴
600 2028 782 2105 dimensus
807 2030 885 2119 est,

56 2172 59 2203 ι
81 2130 166 2217 via,
190 2153 302 2223 quam
325 2149 465 2205 vocant
486 2127 654 2216 ladem,
678 2129 886 2204 innumeras

56 2228 144 2307 enas
168 2230 344 2329 exiguas,
367 2229 404 2303 in
433 2229 581 2304 Venere
606 2226 733 2328 phases
753 2223 887 2314 lunari·

56 2352 93 2405 os
119 2326 273 2410 ssmiles,
305 2330 348 2403 in
380 2332 537 2403 Saturno
570 2326 726 2429 figuram
759 2326 885 2404 oblon-

56 2453 108 2507 ιω
132 2428 172 2503 δι
197 2427 316 2505 veluti
339 2429 579 2529 tricorporem
605 2429 773 2521 detexit3
790 2426 884 2501 mui-

56 2553 69 2605 r
108 2548 287 2630 praeterea
323 2525 422 2603 libris
460 2528 733 2607 Mathematicis
774 2525 885 2604 intla-
959 2598 965 2609 ,

56 2629 106 2705 rit.

96 2776 200 2849 Inter
227 2772 467 2850 Astronomiae
499 2775 631 2850 heroes
662 2772 744 2870 jure
775 2776 884 2848 meri·

56 2868 158 2951 dimo
194 2871 317 2947 locum
351 2882 536 2974 occupant
565 2876 725 2974 joannes
758 2872 886 2949 Here-

56 2996 91 3051 ιε
102 3023 122 3064 ,-
156 2973 196 3047 dt
236 2970 461 3048 Christianus
500 2973 706 3074 Hogenius.
783 2972 886 3046 Prior

56 3096 134 3151 onae
176 3070 474 3171 contemplandae
519 3092 643 3149 totum
684 3070 718 3145 se
755 3071 884 3158 dedit,

56 3174 264 3270 utriumque
286 3168 548 3250 accuratiffirrre
569 3171 700 3248 faciem
721 3169 802 3284 ejor
815 3168 884 3284 rie-

208 3278 218 3287 '
765 3284 889 3371 prnxrt
