<?xml version="1.0" encoding="UTF-8"?>
<!DOCTYPE html PUBLIC "-//W3C//DTD XHTML 1.0 Transitional//EN"
    "http://www.w3.org/TR/xhtml1/DTD/xhtml1-transitional.dtd">
<html xmlns="http://www.w3.org/1999/xhtml" xml:lang="en" lang="en">
 <head>
  <title>
</title>
<meta http-equiv="Content-Type" content="text/html;charset=utf-8" />
  <meta name='ocr-system' content='tesseract 3.04.00' />
  <meta name='ocr-capabilities' content='ocr_page ocr_carea ocr_par ocr_line ocrx_word'/>
</head>
<body>
  <div class='ocr_page' id='page_1' title='image "./bibliothecadome02manngoog_0663.png"; bbox 0 0 2086 3682; ppageno 0'>
   <div class='ocr_carea' id='block_1_1' title="bbox 133 55 803 233">
    <p class='ocr_par' dir='ltr' id='par_1_1' title="bbox 133 41 803 233">
     <span class='ocr_line' id='line_1_1' title="bbox 133 55 803 233; baseline -0.009 -28"><span class='ocrx_word' id='word_1_1' title='bbox 133 144 190 233; x_wconf 79' lang='lat'>72</span> <span class='ocrx_word' id='word_1_2' title='bbox 240 216 243 221; x_wconf 48' lang='grc'>,</span> <span class='ocrx_word' id='word_1_3' title='bbox 279 154 282 159; x_wconf 95' lang='grc'><strong><em>·</em></strong></span> <span class='ocrx_word' id='word_1_4' title='bbox 369 55 498 233; x_wconf 67' lang='lat' dir='ltr'>Cup&#39;tn</span> <span class='ocrx_word' id='word_1_5' title='bbox 527 110 607 203; x_wconf 88' lang='lat' dir='ltr'>IV</span> <span class='ocrx_word' id='word_1_6' title='bbox 637 108 803 203; x_wconf 80' lang='lat' dir='ltr'>Fabrieu</span> 
     </span>
    </p>
   </div>
   <div class='ocr_carea' id='block_1_2' title="bbox 112 272 1020 3143">
    <p class='ocr_par' dir='ltr' id='par_1_2' title="bbox 115 272 1020 1081">
     <span class='ocr_line' id='line_1_2' title="bbox 133 272 990 391; baseline -0.002 -40"><span class='ocrx_word' id='word_1_7' title='bbox 133 300 216 355; x_wconf 81' lang='lat' dir='ltr'>eatn</span> <span class='ocrx_word' id='word_1_8' title='bbox 245 276 412 391; x_wconf 77' lang='lat' dir='ltr'>aptiore</span> <span class='ocrx_word' id='word_1_9' title='bbox 439 274 528 375; x_wconf 77' lang='lat' dir='ltr'>albu¹</span> <span class='ocrx_word' id='word_1_10' title='bbox 553 275 720 373; x_wconf 85' lang='lat' dir='ltr'>quaedam</span> <span class='ocrx_word' id='word_1_11' title='bbox 755 272 990 359; x_wconf 74' lang='lat' dir='ltr'>membrana,</span> 
     </span>
     <span class='ocr_line' id='line_1_3' title="bbox 121 370 991 475; baseline -0.003 -26"><span class='ocrx_word' id='word_1_12' title='bbox 121 382 218 475; x_wconf 60' lang='lat' dir='ltr'>„quae</span> <span class='ocrx_word' id='word_1_13' title='bbox 252 372 303 448; x_wconf 81' lang='lat' dir='ltr'>illi</span> <span class='ocrx_word' id='word_1_14' title='bbox 327 376 540 473; x_wconf 75' lang='lat' dir='ltr'>praetexitur</span> <span class='ocrx_word' id='word_1_15' title='bbox 573 374 612 447; x_wconf 86' lang='lat'>&amp;</span> <span class='ocrx_word' id='word_1_16' title='bbox 643 370 775 447; x_wconf 79' lang='lat' dir='ltr'>adnutu</span> <span class='ocrx_word' id='word_1_17' title='bbox 807 382 991 460; x_wconf 74' lang='lat' dir='ltr'>vocatur,</span> 
     </span>
     <span class='ocr_line' id='line_1_4' title="bbox 135 470 993 557; baseline -0.006 -9"><span class='ocrx_word' id='word_1_18' title='bbox 135 492 219 549; x_wconf 86' lang='lat' dir='ltr'>tutu</span> <span class='ocrx_word' id='word_1_19' title='bbox 242 492 286 546; x_wconf 92' lang='lat' dir='ltr'>ut</span> <span class='ocrx_word' id='word_1_20' title='bbox 312 474 484 548; x_wconf 85' lang='lat' dir='ltr'>decorem</span> <span class='ocrx_word' id='word_1_21' title='bbox 509 470 618 547; x_wconf 89' lang='lat' dir='ltr'>oculo</span> <span class='ocrx_word' id='word_1_22' title='bbox 644 470 833 557; x_wconf 89' lang='lat' dir='ltr'>conciliet,</span> <span class='ocrx_word' id='word_1_23' title='bbox 850 492 931 545; x_wconf 86' lang='lat' dir='ltr'>tum</span> <span class='ocrx_word' id='word_1_24' title='bbox 950 490 993 557; x_wconf 86' lang='lat' dir='ltr'>ut</span> 
     </span>
     <span class='ocr_line' id='line_1_5' title="bbox 136 567 992 669; baseline -0.005 -22"><span class='ocrx_word' id='word_1_25' title='bbox 136 570 303 663; x_wconf 80' lang='lat' dir='ltr'>ejusdem</span> <span class='ocrx_word' id='word_1_26' title='bbox 330 567 550 647; x_wconf 76' lang='lat' dir='ltr'>volubilitati</span> <span class='ocrx_word' id='word_1_27' title='bbox 578 568 720 647; x_wconf 79' lang='lat' dir='ltr'>serviat.</span> <span class='ocrx_word' id='word_1_28' title='bbox 792 570 921 669; x_wconf 80' lang='lat' dir='ltr'>Tertia</span> <span class='ocrx_word' id='word_1_29' title='bbox 943 568 992 643; x_wconf 86' lang='lat' dir='ltr'>ell</span> 
     </span>
     <span class='ocr_line' id='line_1_6' title="bbox 139 664 993 755; baseline -0.005 -10"><span class='ocrx_word' id='word_1_30' title='bbox 139 666 244 745; x_wconf 82' lang='lat' dir='ltr'>Uveu</span> <span class='ocrx_word' id='word_1_31' title='bbox 268 667 313 743; x_wconf 79' lang='lat' dir='ltr'>fic</span> <span class='ocrx_word' id='word_1_32' title='bbox 339 667 434 745; x_wconf 68' lang='lat' dir='ltr'>ditia</span> <span class='ocrx_word' id='word_1_33' title='bbox 459 698 482 745; x_wconf 83' lang='lat' dir='ltr'><strong>a</strong></span> <span class='ocrx_word' id='word_1_34' title='bbox 504 667 628 745; x_wconf 81' lang='lat' dir='ltr'>colore</span> <span class='ocrx_word' id='word_1_35' title='bbox 650 692 763 745; x_wconf 81' lang='lat' dir='ltr'>uvam</span> <span class='ocrx_word' id='word_1_36' title='bbox 786 664 993 755; x_wconf 72' lang='lat' dir='ltr'>referente,</span> 
     </span>
     <span class='ocr_line' id='line_1_7' title="bbox 115 762 992 869; baseline -0.002 -26"><span class='ocrx_word' id='word_1_37' title='bbox 115 770 308 869; x_wconf 81' lang='lat' dir='ltr'>¹quamvis</span> <span class='ocrx_word' id='word_1_38' title='bbox 329 770 368 843; x_wconf 93' lang='lat' dir='ltr'>in</span> <span class='ocrx_word' id='word_1_39' title='bbox 392 762 544 844; x_wconf 83' lang='lat' dir='ltr'>homine</span> <span class='ocrx_word' id='word_1_40' title='bbox 569 766 696 841; x_wconf 83' lang='lat' dir='ltr'>diverfi</span> <span class='ocrx_word' id='word_1_41' title='bbox 718 766 851 845; x_wconf 79' lang='lat' dir='ltr'>coloris</span> <span class='ocrx_word' id='word_1_42' title='bbox 876 766 933 853; x_wconf 83' lang='lat' dir='ltr'>lit,</span> <span class='ocrx_word' id='word_1_43' title='bbox 953 768 992 841; x_wconf 90' lang='lat' dir='ltr'>in</span> 
     </span>
     <span class='ocr_line' id='line_1_8' title="bbox 136 864 1020 969; baseline -0.008 -26"><span class='ocrx_word' id='word_1_44' title='bbox 136 868 318 967; x_wconf 73' lang='lat' dir='ltr'>aliquibus</span> <span class='ocrx_word' id='word_1_45' title='bbox 343 866 445 954; x_wconf 80' lang='lat' dir='ltr'>eaefii,</span> <span class='ocrx_word' id='word_1_46' title='bbox 470 868 540 942; x_wconf 75' lang='lat' dir='ltr'>&amp;e</span> <span class='ocrx_word' id='word_1_47' title='bbox 565 864 740 969; x_wconf 80' lang='lat' dir='ltr'>pellicula‘</span> <span class='ocrx_word' id='word_1_48' title='bbox 758 866 837 943; x_wconf 80' lang='lat' dir='ltr'>haec</span> <span class='ocrx_word' id='word_1_49' title='bbox 859 867 898 941; x_wconf 88' lang='lat' dir='ltr'>in</span> <span class='ocrx_word' id='word_1_50' title='bbox 915 886 990 941; x_wconf 78' lang='lat' dir='ltr'>tne-</span> <span class='ocrx_word' id='word_1_51' title='bbox 1017 930 1020 935; x_wconf 92' lang='lat'>.</span> 
     </span>
     <span class='ocr_line' id='line_1_9' title="bbox 138 962 995 1081; baseline -0.004 -41"><span class='ocrx_word' id='word_1_52' title='bbox 138 968 200 1041; x_wconf 88' lang='lat' dir='ltr'>dio</span> <span class='ocrx_word' id='word_1_53' title='bbox 223 962 388 1042; x_wconf 85' lang='lat' dir='ltr'>foramen</span> <span class='ocrx_word' id='word_1_54' title='bbox 421 967 534 1042; x_wconf 82' lang='lat' dir='ltr'>habet</span> <span class='ocrx_word' id='word_1_55' title='bbox 546 1014 558 1052; x_wconf 86' lang='lat'><em>‚</em></span> <span class='ocrx_word' id='word_1_56' title='bbox 592 962 691 1063; x_wconf 83' lang='lat' dir='ltr'>q&#39;uod</span> <span class='ocrx_word' id='word_1_57' title='bbox 725 962 900 1081; x_wconf 81' lang='lat' dir='ltr'>pupillam</span> <span class='ocrx_word' id='word_1_58' title='bbox 930 964 995 1039; x_wconf 74' lang='lat' dir='ltr'>tid-</span> 
     </span>
    </p>

    <p class='ocr_par' dir='ltr' id='par_1_3' title="bbox 135 1062 997 1461">
     <span class='ocr_line' id='line_1_10' title="bbox 163 1062 996 1165; baseline 0 -28"><span class='ocrx_word' id='word_1_59' title='bbox 163 1062 343 1151; x_wconf 80' lang='lat' dir='ltr'>¹ellamus,</span> <span class='ocrx_word' id='word_1_60' title='bbox 376 1066 474 1141; x_wconf 85' lang='lat' dir='ltr'>circa</span> <span class='ocrx_word' id='word_1_61' title='bbox 508 1068 623 1165; x_wconf 85' lang='lat' dir='ltr'>quam</span> <span class='ocrx_word' id='word_1_62' title='bbox 651 1068 808 1163; x_wconf 80' lang='lat' dir='ltr'>emergit</span> <span class='ocrx_word' id='word_1_63' title='bbox 837 1062 996 1145; x_wconf 79' lang='lat' dir='ltr'>circulus</span> 
     </span>
     <span class='ocr_line' id='line_1_11' title="bbox 135 1089 996 1265; baseline -0.002 -28"><span class='ocrx_word' id='word_1_64' title='bbox 135 1089 214 1265; x_wconf 39' lang='lat' dir='ltr'>&amp;ris</span> <span class='ocrx_word' id='word_1_65' title='bbox 250 1184 510 1261; x_wconf 77' lang='lat' dir='ltr'>nuncupatus,</span> <span class='ocrx_word' id='word_1_66' title='bbox 552 1186 597 1237; x_wconf 88' lang='lat' dir='ltr'>ex</span> <span class='ocrx_word' id='word_1_67' title='bbox 633 1161 731 1237; x_wconf 86' lang='lat' dir='ltr'>fibris</span> <span class='ocrx_word' id='word_1_68' title='bbox 765 1156 996 1241; x_wconf 80' lang='lat' dir='ltr'>lubtilillimis</span> 
     </span>
     <span class='ocr_line' id='line_1_12' title="bbox 137 1259 995 1361; baseline 0 -24"><span class='ocrx_word' id='word_1_69' title='bbox 137 1282 355 1357; x_wconf 80' lang='lat' dir='ltr'>contextus,</span> <span class='ocrx_word' id='word_1_70' title='bbox 381 1263 421 1340; x_wconf 86' lang='lat'>&amp;</span> <span class='ocrx_word' id='word_1_71' title='bbox 440 1259 743 1361; x_wconf 70' lang='lat' dir='ltr'>procfftuiliari</span> <span class='ocrx_word' id='word_1_72' title='bbox 764 1261 995 1349; x_wconf 78' lang='lat' dir='ltr'>terminatus,</span> 
     </span>
     <span class='ocr_line' id='line_1_13' title="bbox 139 1359 997 1461; baseline -0.001 -27"><span class='ocrx_word' id='word_1_73' title='bbox 139 1360 203 1461; x_wconf 87' lang='lat' dir='ltr'>qtii</span> <span class='ocrx_word' id='word_1_74' title='bbox 226 1359 471 1459; x_wconf 74' lang='lat' dir='ltr'>crystallinum</span> <span class='ocrx_word' id='word_1_75' title='bbox 495 1362 691 1436; x_wconf 87' lang='lat' dir='ltr'>humorem</span> <span class='ocrx_word' id='word_1_76' title='bbox 717 1360 858 1461; x_wconf 84' lang='lat' dir='ltr'>cingit,</span> <span class='ocrx_word' id='word_1_77' title='bbox 875 1362 997 1437; x_wconf 71' lang='lat' dir='ltr'>“eum-</span> 
     </span>
    </p>

    <p class='ocr_par' dir='ltr' id='par_1_4' title="bbox 112 1455 1008 3143">
     <span class='ocr_line' id='line_1_14' title="bbox 170 1455 997 1552; baseline 0.001 -20"><span class='ocrx_word' id='word_1_78' title='bbox 170 1482 217 1535; x_wconf 89' lang='lat' dir='ltr'>ue</span> <span class='ocrx_word' id='word_1_79' title='bbox 249 1460 356 1537; x_wconf 82' lang='lat' dir='ltr'>velut</span> <span class='ocrx_word' id='word_1_80' title='bbox 383 1458 555 1535; x_wconf 83' lang='lat' dir='ltr'>libratum</span> <span class='ocrx_word' id='word_1_81' title='bbox 588 1478 702 1535; x_wconf 86' lang='lat' dir='ltr'>tenet.</span> <span class='ocrx_word' id='word_1_82' title='bbox 771 1462 930 1552; x_wconf 71' lang='lat' dir='ltr'>Quartn&#39;</span> <span class='ocrx_word' id='word_1_83' title='bbox 947 1455 997 1533; x_wconf 87' lang='lat' dir='ltr'>est</span> 
     </span>
     <span class='ocr_line' id='line_1_15' title="bbox 118 1482 996 1657; baseline -0.001 -26"><span class='ocrx_word' id='word_1_84' title='bbox 118 1482 292 1635; x_wconf 52' lang='lat' dir='ltr'>,burnis</span> <span class='ocrx_word' id='word_1_85' title='bbox 314 1558 515 1636; x_wconf 74' lang='lat' dir='ltr'>sclerotice·</span> <span class='ocrx_word' id='word_1_86' title='bbox 533 1561 721 1657; x_wconf 82' lang='lat' dir='ltr'>contigua,</span> <span class='ocrx_word' id='word_1_87' title='bbox 740 1559 846 1651; x_wconf 83' lang='lat' dir='ltr'>cujus</span> <span class='ocrx_word' id='word_1_88' title='bbox 878 1554 996 1657; x_wconf 82' lang='lat' dir='ltr'>super·</span> 
     </span>
     <span class='ocr_line' id='line_1_16' title="bbox 118 1654 998 1759; baseline -0.014 -16"><span class='ocrx_word' id='word_1_89' title='bbox 118 1656 242 1742; x_wconf 59' lang='lat' dir='ltr'>:ficies</span> <span class='ocrx_word' id='word_1_90' title='bbox 265 1680 430 1735; x_wconf 79' lang='lat' dir='ltr'>concava</span> <span class='ocrx_word' id='word_1_91' title='bbox 455 1659 523 1745; x_wconf 79' lang='lat' dir='ltr'>est,</span> <span class='ocrx_word' id='word_1_92' title='bbox 556 1656 671 1759; x_wconf 82' lang='lat' dir='ltr'>poliia</span> <span class='ocrx_word' id='word_1_93' title='bbox 696 1656 882 1731; x_wconf 84' lang='lat' dir='ltr'>tenuis&amp;</span> <span class='ocrx_word' id='word_1_94' title='bbox 904 1654 998 1755; x_wconf 70' lang='lat' dir='ltr'>mul·</span> 
     </span>
     <span class='ocr_line' id='line_1_17' title="bbox 112 1754 998 1857; baseline 0.007 -26"><span class='ocrx_word' id='word_1_95' title='bbox 112 1806 126 1827; x_wconf 87' lang='lat'>-.</span> <span class='ocrx_word' id='word_1_96' title='bbox 138 1754 213 1843; x_wconf 86' lang='lat' dir='ltr'>lis,</span> <span class='ocrx_word' id='word_1_97' title='bbox 239 1756 412 1857; x_wconf 76' lang='lat' dir='ltr'>suavique</span> <span class='ocrx_word' id='word_1_98' title='bbox 443 1757 594 1833; x_wconf 90' lang='lat' dir='ltr'>oculum</span> <span class='ocrx_word' id='word_1_99' title='bbox 628 1757 663 1829; x_wconf 90' lang='lat' dir='ltr'>ni</span> <span class='ocrx_word' id='word_1_100' title='bbox 691 1756 816 1833; x_wconf 75' lang='lat' dir='ltr'>redint</span> <span class='ocrx_word' id='word_1_101' title='bbox 838 1774 998 1855; x_wconf 70' lang='lat' dir='ltr'>opacat,</span> 
     </span>
     <span class='ocr_line' id='line_1_18' title="bbox 137 1781 997 1955; baseline 0.002 -28"><span class='ocrx_word' id='word_1_102' title='bbox 137 1876 221 1953; x_wconf 82' lang='lat' dir='ltr'>quae</span> <span class='ocrx_word' id='word_1_103' title='bbox 247 1877 311 1954; x_wconf 80' lang='lat' dir='ltr'>per</span> <span class='ocrx_word' id='word_1_104' title='bbox 337 1855 529 1931; x_wconf 85' lang='lat' dir='ltr'>humorem</span> <span class='ocrx_word' id='word_1_105' title='bbox 557 1781 804 1955; x_wconf 50' lang='lat' dir='ltr'>crystallinum</span> <span class='ocrx_word' id='word_1_106' title='bbox 834 1874 997 1955; x_wconf 75' lang='lat' dir='ltr'>transpa-</span> 
     </span>
     <span class='ocr_line' id='line_1_19' title="bbox 120 1947 999 2053; baseline 0 -26"><span class='ocrx_word' id='word_1_107' title='bbox 120 1974 226 2038; x_wconf 80' lang='lat' dir='ltr'>¹rens</span> <span class='ocrx_word' id='word_1_108' title='bbox 251 1947 479 2052; x_wconf 73' lang='lat' dir='ltr'>spetlandam</span> <span class='ocrx_word' id='word_1_109' title='bbox 505 1954 537 2030; x_wconf 87' lang='lat' dir='ltr'>se</span> <span class='ocrx_word' id='word_1_110' title='bbox 564 1956 702 2050; x_wconf 72' lang='lat' dir='ltr'>prebet</span> <span class='ocrx_word' id='word_1_111' title='bbox 723 1950 817 2041; x_wconf 84' lang='lat' dir='ltr'>illis,</span> <span class='ocrx_word' id='word_1_112' title='bbox 843 1953 907 2053; x_wconf 88' lang='lat' dir='ltr'>qui</span> <span class='ocrx_word' id='word_1_113' title='bbox 932 1976 999 2053; x_wconf 82' lang='lat' dir='ltr'>pu·</span> 
     </span>
     <span class='ocr_line' id='line_1_20' title="bbox 138 2050 998 2153; baseline 0.002 -28"><span class='ocrx_word' id='word_1_114' title='bbox 138 2050 262 2151; x_wconf 87' lang='lat' dir='ltr'>pillam</span> <span class='ocrx_word' id='word_1_115' title='bbox 291 2054 492 2129; x_wconf 86' lang='lat' dir='ltr'>intuentur.</span> <span class='ocrx_word' id='word_1_116' title='bbox 540 2057 706 2153; x_wconf 86' lang='lat' dir='ltr'>Utraque</span> <span class='ocrx_word' id='word_1_117' title='bbox 732 2054 876 2139; x_wconf 86' lang='lat' dir='ltr'>denuo,</span> <span class='ocrx_word' id='word_1_118' title='bbox 901 2076 998 2127; x_wconf 77' lang='lat' dir='ltr'>uvea</span> 
     </span>
     <span class='ocr_line' id='line_1_21' title="bbox 141 2150 998 2258; baseline 0 -33"><span class='ocrx_word' id='word_1_119' title='bbox 141 2150 181 2225; x_wconf 89' lang='lat'>&amp;</span> <span class='ocrx_word' id='word_1_120' title='bbox 207 2154 382 2258; x_wconf 24' lang='lat' dir='ltr'>cfhorois,</span> <span class='ocrx_word' id='word_1_121' title='bbox 415 2155 460 2227; x_wconf 82' lang='lat' dir='ltr'>ab</span> <span class='ocrx_word' id='word_1_122' title='bbox 484 2157 613 2232; x_wconf 83' lang='lat' dir='ltr'>eadem</span> <span class='ocrx_word' id='word_1_123' title='bbox 639 2172 757 2227; x_wconf 87' lang='lat' dir='ltr'>matre</span> <span class='ocrx_word' id='word_1_124' title='bbox 781 2154 915 2249; x_wconf 84' lang='lat' dir='ltr'>nemp&#39;e</span> <span class='ocrx_word' id='word_1_125' title='bbox 934 2154 998 2249; x_wconf 82' lang='lat' dir='ltr'>piu</span> 
     </span>
     <span class='ocr_line' id='line_1_22' title="bbox 139 2252 998 2351; baseline 0 -28"><span class='ocrx_word' id='word_1_126' title='bbox 139 2252 364 2351; x_wconf 81' lang='lat' dir='ltr'>gignuntur:</span> <span class='ocrx_word' id='word_1_127' title='bbox 395 2254 576 2331; x_wconf 83' lang='lat' dir='ltr'>anteriore</span> <span class='ocrx_word' id='word_1_128' title='bbox 602 2272 725 2327; x_wconf 81' lang='lat' dir='ltr'>tamen</span> <span class='ocrx_word' id='word_1_129' title='bbox 751 2268 857 2347; x_wconf 86' lang='lat' dir='ltr'>parte</span> <span class='ocrx_word' id='word_1_130' title='bbox 881 2272 998 2335; x_wconf 87' lang='lat' dir='ltr'>uvea,</span> 
     </span>
     <span class='ocr_line' id='line_1_23' title="bbox 140 2347 999 2449; baseline -0.002 -24"><span class='ocrx_word' id='word_1_131' title='bbox 140 2349 338 2449; x_wconf 86' lang='lat' dir='ltr'>posteriore</span> <span class='ocrx_word' id='word_1_132' title='bbox 363 2350 509 2425; x_wconf 88' lang='lat' dir='ltr'>chorois</span> <span class='ocrx_word' id='word_1_133' title='bbox 535 2350 679 2426; x_wconf 86' lang='lat' dir='ltr'>dieitur.</span> <span class='ocrx_word' id='word_1_134' title='bbox 730 2349 874 2445; x_wconf 76' lang='lat' dir='ltr'>Quinta</span> <span class='ocrx_word' id='word_1_135' title='bbox 898 2347 999 2424; x_wconf 88' lang='lat' dir='ltr'>deni·</span> 
     </span>
     <span class='ocr_line' id='line_1_24' title="bbox 141 2446 999 2548; baseline 0 -27"><span class='ocrx_word' id='word_1_136' title='bbox 141 2470 215 2548; x_wconf 89' lang='lat' dir='ltr'>que</span> <span class='ocrx_word' id='word_1_137' title='bbox 241 2448 293 2523; x_wconf 87' lang='lat' dir='ltr'>est</span> <span class='ocrx_word' id='word_1_138' title='bbox 316 2446 473 2536; x_wconf 76' lang='lat' dir='ltr'>Retinet,</span> <span class='ocrx_word' id='word_1_139' title='bbox 508 2452 720 2525; x_wconf 86' lang='lat' dir='ltr'>membrana</span> <span class='ocrx_word' id='word_1_140' title='bbox 749 2450 919 2523; x_wconf 89' lang='lat' dir='ltr'>omnium</span> <span class='ocrx_word' id='word_1_141' title='bbox 945 2466 999 2529; x_wconf 75' lang='lat' dir='ltr'>tt·</span> 
     </span>
     <span class='ocr_line' id='line_1_25' title="bbox 131 2544 1000 2635; baseline 0 -14"><span class='ocrx_word' id='word_1_142' title='bbox 131 2548 323 2632; x_wconf 74' lang='lat' dir='ltr'>nemim,</span> <span class='ocrx_word' id='word_1_143' title='bbox 356 2570 403 2623; x_wconf 85' lang='lat' dir='ltr'>ex</span> <span class='ocrx_word' id='word_1_144' title='bbox 434 2548 640 2635; x_wconf 70' lang='lat' dir='ltr'>medullatae</span> <span class='ocrx_word' id='word_1_145' title='bbox 670 2544 870 2622; x_wconf 83' lang='lat' dir='ltr'>substantiae</span> <span class='ocrx_word' id='word_1_146' title='bbox 895 2544 1000 2621; x_wconf 84' lang='lat' dir='ltr'>nervi</span> 
     </span>
     <span class='ocr_line' id='line_1_26' title="bbox 139 2644 1008 2748; baseline 0.002 -26"><span class='ocrx_word' id='word_1_147' title='bbox 139 2649 256 2746; x_wconf 85' lang='lat' dir='ltr'>optici</span> <span class='ocrx_word' id='word_1_148' title='bbox 289 2669 353 2748; x_wconf 85' lang='lat' dir='ltr'>per</span> <span class='ocrx_word' id='word_1_149' title='bbox 377 2644 534 2722; x_wconf 86' lang='lat' dir='ltr'>fundum</span> <span class='ocrx_word' id='word_1_150' title='bbox 563 2645 662 2723; x_wconf 89' lang='lat' dir='ltr'>oculi</span> <span class='ocrx_word' id='word_1_151' title='bbox 693 2644 883 2721; x_wconf 83' lang='lat' dir='ltr'>diffufione</span> <span class='ocrx_word' id='word_1_152' title='bbox 941 2666 1008 2724; x_wconf 85' lang='lat' dir='ltr'>to·.</span> 
     </span>
     <span class='ocr_line' id='line_1_27' title="bbox 127 2670 1001 2832; baseline -0.005 -11"><span class='ocrx_word' id='word_1_153' title='bbox 127 2744 262 2821; x_wconf 63' lang='lat' dir='ltr'>nulla.</span> <span class='ocrx_word' id='word_1_154' title='bbox 321 2746 411 2821; x_wconf 83' lang='lat' dir='ltr'>Haec</span> <span class='ocrx_word' id='word_1_155' title='bbox 435 2749 472 2823; x_wconf 93' lang='lat' dir='ltr'>in</span> <span class='ocrx_word' id='word_1_156' title='bbox 499 2744 595 2823; x_wconf 91' lang='lat' dir='ltr'>oculi</span> <span class='ocrx_word' id='word_1_157' title='bbox 622 2747 805 2820; x_wconf 85' lang='lat' dir='ltr'>interioris</span> <span class='ocrx_word' id='word_1_158' title='bbox 831 2670 1001 2832; x_wconf 38' lang='lat' dir='ltr'>conclavi</span> 
     </span>
     <span class='ocr_line' id='line_1_28' title="bbox 139 2842 1001 2943; baseline -0.008 -20"><span class='ocrx_word' id='word_1_159' title='bbox 139 2844 250 2923; x_wconf 80' lang='lat' dir='ltr'>instar</span> <span class='ocrx_word' id='word_1_160' title='bbox 272 2842 502 2921; x_wconf 81' lang='lat' dir='ltr'>lubtilillimae</span> <span class='ocrx_word' id='word_1_161' title='bbox 529 2844 612 2921; x_wconf 86' lang='lat' dir='ltr'>telae</span> <span class='ocrx_word' id='word_1_162' title='bbox 636 2844 791 2943; x_wconf 79' lang='lat' dir='ltr'>expansa</span> <span class='ocrx_word' id='word_1_163' title='bbox 808 2842 939 2917; x_wconf 86' lang='lat' dir='ltr'>lumen</span> <span class='ocrx_word' id='word_1_164' title='bbox 955 2862 1001 2917; x_wconf 75' lang='lat' dir='ltr'>ac</span> 
     </span>
     <span class='ocr_line' id='line_1_29' title="bbox 141 2941 1000 3061; baseline 0.002 -44"><span class='ocrx_word' id='word_1_165' title='bbox 141 2944 278 3045; x_wconf 83' lang='lat' dir='ltr'>species</span> <span class='ocrx_word' id='word_1_166' title='bbox 304 2968 368 3041; x_wconf 84' lang='lat' dir='ltr'>per</span> <span class='ocrx_word' id='word_1_167' title='bbox 392 2944 564 3061; x_wconf 77' lang='lat' dir='ltr'>pupillam</span> <span class='ocrx_word' id='word_1_168' title='bbox 588 2941 759 3023; x_wconf 83' lang='lat' dir='ltr'>immiffas</span> <span class='ocrx_word' id='word_1_169' title='bbox 782 2943 939 3043; x_wconf 75' lang='lat' dir='ltr'>excipit,</span> <span class='ocrx_word' id='word_1_170' title='bbox 961 2942 1000 3019; x_wconf 75' lang='grc' dir='ltr'>ἂ</span> 
     </span>
     <span class='ocr_line' id='line_1_30' title="bbox 141 3039 999 3143; baseline -0.002 -27"><span class='ocrx_word' id='word_1_171' title='bbox 141 3040 322 3137; x_wconf 65' lang='lat' dir='ltr'>objectam</span> <span class='ocrx_word' id='word_1_172' title='bbox 340 3044 537 3143; x_wconf 79' lang='lat' dir='ltr'>imaginem</span> <span class='ocrx_word' id='word_1_173' title='bbox 551 3046 589 3119; x_wconf 92' lang='lat' dir='ltr'>in</span> <span class='ocrx_word' id='word_1_174' title='bbox 605 3039 833 3143; x_wconf 70' lang='lat' dir='ltr'>sedepiuam</span> <span class='ocrx_word' id='word_1_175' title='bbox 852 3066 913 3131; x_wconf 90' lang='lat' dir='ltr'>eo,</span> <span class='ocrx_word' id='word_1_176' title='bbox 926 3062 999 3141; x_wconf 91' lang='lat' dir='ltr'>quo</span> 
     </span>
    </p>
   </div>
   <div class='ocr_carea' id='block_1_3' title="bbox 141 3134 998 3319">
    <p class='ocr_par' dir='ltr' id='par_1_5' title="bbox 141 3134 998 3319">
     <span class='ocr_line' id='line_1_31' title="bbox 141 3134 998 3319; baseline -0.012 -98"><span class='ocrx_word' id='word_1_177' title='bbox 141 3134 182 3221; x_wconf 90' lang='lat' dir='ltr'>lu</span> <span class='ocrx_word' id='word_1_178' title='bbox 213 3163 357 3221; x_wconf 73' lang='lat' dir='ltr'>cautem</span> <span class='ocrx_word' id='word_1_179' title='bbox 400 3140 554 3223; x_wconf 81' lang='lat' dir='ltr'>obscura</span> <span class='ocrx_word' id='word_1_180' title='bbox 583 3141 654 3237; x_wconf 80' lang='lat' dir='ltr'>lit,</span> <span class='ocrx_word' id='word_1_181' title='bbox 691 3142 806 3222; x_wconf 88' lang='lat' dir='ltr'>modo</span> <span class='ocrx_word' id='word_1_182' title='bbox 838 3142 998 3319; x_wconf 47' lang='lat' dir='ltr'>exhibTeg.</span> 
     </span>
    </p>
   </div>
   <div class='ocr_carea' id='block_1_4' title="bbox 0 0 1061 3682">
    <p class='ocr_par' dir='ltr' id='par_1_6' title="bbox 0 0 1061 3682">
     <span class='ocr_line' id='line_1_32' title="bbox 0 0 1061 3682; baseline 0 0"><span class='ocrx_word' id='word_1_183' title='bbox 0 0 1061 3682; x_wconf 95' lang='lat' dir='ltr'> </span> 
     </span>
    </p>
   </div>
  </div>
 </body>
</html>
