2086 3682
111 138 164 223 18
321 114 519 239 ''Caputl
552 113 788 233 Proestantia
862 164 866 171 ·
910 56 916 141 2

106 284 172 359 &ae
200 282 328 358 auctor
368 284 406 357 δι
439 283 609 383 princeps
640 281 775 357 exstitit
804 280 969 357 Philinus

106 386 232 470 Cous,
256 383 460 480 habuitque
488 381 658 481 sequaces
678 381 884 456 Creontem
907 381 969 456 seu

104 488 332 570 Actontem,
354 481 616 581 Serapionem,
640 479 849 569 Glauciam,
873 481 967 555 duos

105 579 348 681 Apollonios,
389 580 662 665 Menodotum,
692 580 764 653 &e
845 578 967 655 Aliam

104 678 251 781 prorsus
269 681 369 754 viam
383 679 545 753 inierunt
560 672 778 766 Methodici,
804 683 978 775 quorum'

105 781 285 879 principes
311 776 463 869 fuerunt
506 775 705 851 Themison
734 777 967 853 Laodicenos

105 874 356 953 &Thessalus
383 873 612 960 Trallianus,
650 875 714 974 qui
739 872 882 971 rejetlis
903 898 969 951 ex·

131 976 334 1063 eumenus,
355 997 436 1074 quae
462 973 631 1075 Empirici
647 970 869 1074 potiffimum
886 974 967 1147 ffic-

103 1000 269 1161 gabant,
290 1072 492 1170 peculiares
516 1096 646 1148 omnes
675 1075 838 1171 corporis
863 1098 885 1149 a
910 1072 967 1151 fe·

103 1170 239 1247 &iones
259 1172 345 1247 rede
371 1192 480 1247 erunt
501 1173 547 1246 ad
567 1170 749 1272 generalia
769 1174 839 1249 tria
865 1174 965 1271 prin·

102 1272 222 1370 cipiar
258 1197 425 1363 stridum
443 1270 600 1358 leniret,
627 1270 751 1347 laxum
775 1272 815 1347 bt
838 1295 884 1346 ex
902 1294 966 1348 ut-

99 1391 215 1542 quue
233 1373 409 1491 mixtum,
429 1391 544 1543 laqtque
569 1392 616 1446 ex
640 1371 697 1446 his
716 1369 831 1446 tribus
851 1368 965 1447 fonti·

127 1492 170 1543 us
205 1492 316 1544 omne
346 1493 427 1547 mot
453 1494 559 1545 orum
642 1492 711 1545 nus
768 1491 963 1547 romanam

100 1570 383 1646 contendebant.
463 1566 561 1645 Hinc
591 1492 767 1669 {doquep
777 1570 963 1669 triplicem

99 1668 279 1743 duntaxat
318 1670 545 1743 curationem
599 1668 870 1758 adhibuerunt,
914 1690 962 1745 ut

97 1786 230 1863 nempe
251 1788 331 1862 quae
355 1764 493 1843 laxiora
512 1764 628 1842 client
656 1767 694 1841 in
716 1790 870 1869 corpote
890 1766 962 1841 bu-

96 1884 228 1952 mano,
261 1861 393 1939 fortius
445 1890 486 1942 er
515 1866 785 1942 medicamenta
812 1864 962 1943 adstrin-

96 1984 253 2063 gerent3
286 1986 369 2079 quae
394 1889 475 2066 plus
501 1989 606 2065 aequo
638 1962 804 2041 adstricta
816 2015 829 2056 ,
860 1963 962 2043 laxa·

95 2081 201 2146 rent3
229 2064 267 2139 &
293 2066 315 2136 ir
339 2067 447 2139 ambo
465 2065 684 2154 deficerent,
708 2086 866 2163 utroque
877 2088 961 2141 mo·

95 2160 144 2236 do
170 2162 375 2237 obviarent.
438 2165 566 2261 ltaque
589 2164 638 2238 ob
662 2165 759 2238 hanc
784 2186 959 2263 compen·

95 2260 246 2334 diariam
268 2261 438 2335 medendi
469 2264 592 2347 viam,
624 2262 848 2363 brevemque
863 2280 958 2339 ‘me-

94 2356 250 2432 thodum
279 2356 364 2433 diui
391 2356 542 2434 fuerunt
571 2356 779 2436 Methodici.
854 2363 958 2457 luter

92 2457 164 2529 hos
184 2456 308 2533 referti
332 2479 494 2534 meretur
516 2458 657 2549 Celsus,
686 2462 748 2561 qui
775 2462 957 2563 imperan-

91 2574 131 2628 te
157 2554 296 2630 Caelare
315 2558 462 2634 Tiberio
479 2560 586 2647 vixit,
600 2560 820 2634 methodicae
831 2560 956 2638 Ascle-

90 2654 208 2755 piadis
233 2652 332 2729 seilae
358 2657 499 2745 cultor,
525 2681 636 2758 quem
662 2657 774 2757 aliqui
800 2652 956 2737 Cicero·

91 2776 178 2827 nem
206 2755 433 2829 Medicorum
462 2755 660 2856 adpellant,
686 2778 857 2834 nontam
873 2782 955 2835 cte-

89 2852 139 2925 do
166 2855 214 2928 ob
246 2855 332 2927 artis
359 2854 617 2954 praestantiam,
653 2878 766 2956 quam
800 2858 851 2932 ob
875 2858 954 2935 elo·

118 2954 294 3037 ueritiam,
322 2976 395 3050 qua
420 2951 518 3028 illam
546 2954 766 3053 praedicabat
789 2957 831 3032 in
849 2956 951 3033 libris

87 2971 183 3155 duis,
210 3052 521 3151 quemadmodum
554 3051 687 3128 senfilse
712 3055 864 3131 videtur
889 3058 950 3157 16-

85 3165 199 3222 annes
242 3148 455 3241 Heuroius,
492 3149 661 3228 Medicus
695 3154 745 3231 do
856 3178 951 3334 dign,
