2086 3682
208 85 558 247 -Anrrumnua
596 146 737 245 nutu.
798 154 800 165 '
853 168 935 271 us
977 229 981 232 -

69 312 184 389 filium
208 312 246 388 in
272 315 398 415 Cypro
424 314 549 401 insula,
574 315 784 416 lapicidinas
806 339 932 395 autem
991 368 1000 379 ω

68 413 131 488 seu
155 413 263 500 loca,
287 415 351 489 ubi
375 412 514 512 lapides
540 413 765 492 effodiuntur
797 420 932 495 adium

67 508 264 588 adhibendi
279 558 287 565 -
302 509 511 602 struduris.,
546 514 732 590 Cadmum
764 516 900 611 Thebis
914 564 931 610 ,

67 609 129 687 vel
150 631 196 684 ut
217 611 468 710 Theophrasto
486 611 634 714 placet,
674 616 712 689 in
742 614 930 694 Phoeuicia

66 707 242 786 in'venilie
280 711 465 787 memorioe
502 714 627 811 prodit
658 711 794 788 Plinius
824 715 952 815 supra,
1004 778 1006 787 ,

14 835 16 838 ’
65 829 306 889 memoratus.
385 810 567 909 Tyrrheni
592 811 762 888 domibus
784 813 947 890 addida-t
998 898 1000 903 ,

65 927 155 981 runt
178 911 362 1006 porticus,
391 912 448 983 uti
479 930 602 986 narrat
637 912 824 988 Diodorus
848 913 927 1010 (x)

64 1006 250 1106 inquibus
272 1006 459 1087 servorum
481 1033 525 1083 ac
540 1011 838 1087 concurrentium
849 1033 928 1088 tur·-

10 1121 14 1127 “
63 1105 110 1179 ba
135 1107 349 1193 diverteret,
376 1130 467 1204 quas
492 1110 670 1207 immitati·
687 1108 928 1210 'postmodum

62 1205 248 1294 Romani,
279 1207 418 1301 majore
445 1229 492 1281 ue
524 1204 678 1283 artificio
721 1207 926 1287 elaboratas

57 1304 109 1378 ad
134 1301 232 1379 suam
258 1231 535 1405 Rempubffidam
562 1306 805 1385 attulerunt..
833 1309 925 1384 ¹Por·
985 1345 992 1350 ·
1018 1348 1020 1357 ·

60 1424 103 1479 ro
127 1404 189 1479 ubi
214 1403 387 1481 mortales
411 1405 456 1478 ab
482 1404 587 1482 initio
613 1407 769 1485 conditis
783 1430 849 1509 per
862 1431 924 1482 ru·

60 1524 100 1576 ra
126 1501 211 1579 cafis
224 1551 237 1597 ,
268 1525 312 1578 ut
336 1500 484 1586 dilium¹
499 1504 550 1580 est
565 1552 583 1602 ,U
611 1504 800 1606 paullatim
825 1507 927 1584 intur

61 1598 95 1677 fe
122 1604 289 1678 coeundo
313 1603 390 1682 leta
416 1603 617 1704 agrestique
642 1605 725 1704 vital
738 1601 861 1680 relid’ta
875 1606 922 1682 ad

58 1700 319 1799 mansuetiores
368 1701 438 1779 sese
481 1726 604 1779 mores
652 1704 920 1806 compoluere,

63 1817 229 1903 tuncque
244 1801 401 1902 primum
413 1801 564 1878 vinculo
589 1805 750 1903 quodam
770 1802 921 1881 societa-

57 1899 104 1973 tis
130 1897 357 1988 coaluerunt‚
381 1904 576 2002 oppidum,
601 1905 674 1979 hoc
696 1900 767 1991 est,
784 1900 920 1997 locum

38 1981 172 2075 *muris
195 2000 379 2076 munitum
412 2000 657 2086 aedificavere,
692 2020 737 2099 ut
760 2023 806 2075 eo
831 2023 920 2086 com,
948 2045 954 2062 ι

53 2091 196 2188 ferrent
229 2121 319 2197 opes
354 2097 458 2184 suas,
488 2094 561 2169 ubi
588 2095 732 2176 nullum
757 2095 915 2188 effetas

55 2194 158 2271 holle
182 2197 414 2297 perieulums
455 2196 554 2301 unde
577 2195 678 2269 cives
702 2220 726 2269 a
749 2192 918 2289 coeundo

54 2296 182 2370 vocati
204 2294 308 2383 sunt,
335 2295 373 2371 δι
397 2293 512 2394 ipsum
538 2293 720 2396 oppidum
742 2293 873 2370 civitas
894 2319 917 2372 a

56 2393 194 2486 civium
220 2415 351 2470 coetua
376 2394 464 2470 urbs
486 2415 608 2469 autem
634 2394 680 2469 ab
704 2415 824 2483 urvo,
854 2391 916 2501 seu
953 2440 986 2457 ν’

54 2512 159 2591 parte
182 2496 292 2569 aratri
324 2518 460 2581 curua,
485 2511 563 2592 quo
592 2495 747 2570 Veteres
771 2492 914 2571 sulcum

56 2589 249 2681 ducdbant,
274 2593 369 2669 inter
393 2616 504 2693 quem
526 2592 829 2692 urbem-posituri
861 2591 915 2670 es·

55 2688 143 2779 sent,
158 2693 468 2791 quemadmodum
492 2688 618 2770 fecisse·
628 2690 827 2766 Romulum
845 2693 913 2793 ho·

54 2788 112 2863 die
136 2790 339 2881 etiamnum
364 2791 545 2879 tradunt,
585 2790 733 2890 quando
757 2790 913 2890 primam
975 2826 978 2833 ¹

22 2892 31 2901 ”
53 2895 212 2990 eamque
240 2887 410 2992 exiguam
456 2891 577 2966 adhuc
613 2890 769 2976 Romam
799 2883 912 2970 ducto

48 2987 146 3065 circa
171 2985 307 3079 forum,
328 2989 430 3088 quod
450 3013 553 3065 nunc
575 2987 746 3071 Boarium
768 2985 910 3075 dicunt,

797 3083 909 3185 Capi·
986 3104 990 3116 ’
