2084 3698
178 88 444 211 adfinitatem
457 89 763 204 conservandam.
831 122 916 211 199

55 248 248 335 tiidde'tat'o
271 254 366 356 ignis
398 251 519 351 ctione
544 245 720 333 custodum
747 283 760 332 t
788 258 916 335 obam-

10 383 12 387 ·
58 357 184 431 boiare
212 354 315 442 ioca,
351 350 414 428 ubi
436 376 549 452 putus
574 352 757 455 ficcusque
780 381 916 435 ventus

58 452 169 557 spirat
191 479 200 540 3
234 457 351 530 vitare
383 458 487 533 'vtro
511 453 650 549 vicinas
671 454 837 553 'paludes
865 458 917 537 dt

59 560 174 653 dquas
200 551 426 654 stagnantes:
454 551 622 627 liberiore
647 576 735 627 aura
760 554 846 628 hinc
861 556 918 631 in-

59 650 205 728 de'frui
229 651 316 728 foris
342 653 379 745 in
405 647 500 726 colle
532 671 597 725 aut
627 648 713 726 vilia
746 651 917 729 suburba-

58 777 135 827 na:
175 750 196 824 fi
237 750 480 845 turbulentior
519 749 625 825 instet
656 771 721 824 aut
754 749 920 851 frigidior

59 874 135 937 ter,
158 851 271 951 probe
295 848 329 926 se
352 848 510 927 uestibus
532 851 698 938 munim
719 842 918 931 (iuimium

60 950 220 1035 calidus,
255 950 293 1025 &
324 950 370 1023 ad
405 948 625 1023 fermentum
651 972 813 1048 pronus,
846 950 918 1027 cibi

59 1062 244 1149 potusque
284 1047 536 1123 moderatione
574 1047 786 1125 suiitraiidti
818 1048 917 1124 vires

58 1149 226 1223 nocendi.
291 1149 405 1224 Certe
430 1170 559 1247 parum
572 1147 713 1233 iaedere
735 1145 826 1222 solet
854 1170 919 1223 aet
966 1165 972 1232 j
1002 1225 1005 1230 ,

59 1244 269 1323 insalubrior
292 1269 386 1333 eos,
424 1245 488 1346 qui
519 1247 634 1320 vitam
666 1247 817 1322 sobriam
852 1248 919 1321 du·

59 1365 150 1421 cunt
173 1368 216 1420 ac
241 1346 385 1423 diaetam
411 1362 547 1443 amant
596 1347 695 1420 Nam
721 1362 917 1448 quantum-

56 1445 115 1519 ·vis
131 1446 298 1543 ‚iniquior
323 1442 384 1531 iile
415 1442 457 1516 fit
471 1492 483 1531 ,
515 1444 601 1535 ‘tato
635 1463 812 1541 tument
862 1468 920 1520 re·

58 1543 157 1619 ditur
183 1565 316 1642 corpus
340 1565 384 1617 ac
402 1540 615 1618 seditionem
635 1540 789 1632 exditat',
842 1565 919 1631 noo

60 1640 149 1725 illud
187 1644 262 1740 jam
296 1661 405 1720 antea
440 1639 535 1716 male
578 1643 813 1725 materiatum
851 1658 919 1718 aut
955 1658 958 1663 ·

59 1748 312 1838 computatum
328 1741 382 1829 fit,
400 1738 439 1814 ὅ(
463 1739 600 1816 vitinus
625 1741 840 1819 humoribus
859 1743 920 1816 in·

57 1835 208 1913 fedum.
281 1840 464 1916 Omnium
501 1836 625 1913 tamen
651 1842 810 1917 maxime
834 1862 919 1956 pro·

59 1937 155 2010 derit
184 1961 205 2008 a
230 1940 363 2013 teneris
392 1937 494 2013 annis
529 1955 674 2012 remota
706 1939 922 2014 delicatiore

59 2035 279 2111 educatione
305 2034 498 2111 offuescere
525 2032 683 2108 ferendis
708 2036 800 2139 attis
823 2037 918 2133 inju-

59 2136 151 2220 riis;
184 2133 231 2231 fic
257 2134 353 2205 enim
378 2134 484 2210 velut
508 2133 737 2208 indurabitur
760 2157 917 2232 corpus,

60 2233 100 2306 ἃ
127 2233 260 2308 caiium
286 2230 469 2321 obducet,
495 2255 608 2332 quem
634 2250 722 2307 uam.
737 2231 841 2310 faciit
860 2234 924 2311 vis

60 2352 156 2406 aurae
183 2332 348 2433 maligno
363 2350 556 2438 pontuare
578 2350 654 2409 oon
670 2330 820 2432 poiorit.

337 2592 865 2846 ἓξὲξ
