2086 3682
127 57 244 230 404¹
456 107 584 230 Caput
620 106 664 201 V
666 107 722 199 Il

132 275 328 352 desumunt
353 274 397 347 ab
423 272 684 373 Apogaeofive
707 271 924 360 Anomalia,
954 272 993 350 &

133 374 295 478 prodibit
317 370 498 449 menstrua
523 375 695 471 periodus
718 375 859 447 dierum
874 372 993 473 vigin-

136 476 166 549 ti
203 472 340 573 septem
370 495 456 555 cum
493 473 593 557 horis
631 474 808 548 tredecim
820 495 834 564 3
868 494 1002 547 motus

119 586 122 593 '
137 574 294 649 diurnus
313 593 404 647 vero
429 572 611 672 graduum
630 572 755 647 trium.

213 767 384 867 Expofito
405 789 510 847 motu
529 769 648 870 primo
664 768 703 845 dr
726 766 885 845 secundo
902 766 998 844 mul·

140 890 230 946 tum.
253 868 416 968 pmderit
427 914 442 957 ‚
470 866 672 945 mirabilem
695 870 889 966 utriusque
917 872 998 943 irar-

140 969 302 1045 moniam
321 965 442 1068 polam
466 967 597 1043 facere.
651 969 738 1042 Non
763 969 870 1065 pauci
896 966 1000 1065 equi·

47 1132 52 1153 f
142 1071 228 1144 dem
254 1066 417 1154 fuerunt,
431 1068 625 1167 praesertim
650 1089 697 1145 ex
720 1067 1001 1165 antiquioribus,

143 1170 207 1268 qui
231 1168 295 1241 diu
319 1164 553 1266 multumque
579 1167 617 1240 in
640 1167 856 1264 explicando
883 1164 1002 1264 dupli·

142 1268 178 1341 ei
204 1264 358 1341 siderum
382 1278 516 1353 motu,
550 1265 739 1340 communi
764 1288 807 1339 ac
830 1265 1000 1365 proprio,

143 1364 207 1440 seu
257 1365 362 1451 rimo
376 1388 421 1439 ac
446 1363 624 1457 secundo,
651 1361 778 1439 leuati
802 1362 863 1438 vel
887 1363 1004 1439 omui·

144 1488 196 1543 ao
226 1388 448 1540 becuuuere
473 1484 579 1539 tanto
613 1483 658 1537 ut
689 1464 889 1538 credebant
913 1486 1005 1563 pon·

146 1563 237 1652 deri,
253 1561 312 1640 vel
337 1564 437 1639 miris
461 1562 675 1664 ambagibus
699 1561 750 1635 ufi
775 1585 854 1636 rem
880 1564 1003 1663 potius

147 1664 309 1738 tenebris
334 1659 498 1761 pluribus
531 1661 791 1745 involverunt,
823 1683 935 1760 quam
966 1664 1005 1737 iu

112 1813 115 1817 «
146 1760 270 1836 lucem
300 1776 523 1860 protraxere.
600 1760 743 1836 Verum
776 1759 1004 1861 fiOpricam

135 1858 188 1935 ⁴in
211 1857 386 1939 auxilium
415 1883 551 1935 vocare
583 1858 718 1948 libeat,
751 1860 853 1935 brevi
885 1860 1019 1945 omnis¹

23 2046 26 2057 ,
148 1955 343 2057 difficultas
384 1959 672 2058 quantacunque
711 1958 932 2057 disparebit,
967 1958 1006 2035 δι

145 2057 228 2160 posi
253 2057 378 2133 nubila
400 2060 560 2159 phoebus
588 2060 685 2133 diem
709 2057 849 2133 afferet.
914 2056 1004 2135 Soli·

151 2159 226 2234 cite
252 2159 400 2256 quidem
426 2157 633 2232 Astronomi
658 2178 802 2231 motum
824 2158 927 2237 huuc.
940 2158 1005 2230 du·

134 2255 285 2356 1plicem
311 2257 349 2330 in
371 2254 541 2330 sideribus
566 2254 828 2341 distinxerunt,
850 2273 941 2330 tum
964 2275 1006 2330 ut

151 2352 239 2429 sttus
264 2376 460 2452 corporum
487 2352 688 2430 coelestium
715 2373 827 2454 arque
844 2352 1006 2455 aspedlus

150 2451 397 2527 diverfitatem
424 2452 556 2528 clarius
579 2454 627 2528 ob
653 2452 781 2527 oculos
804 2473 1006 2551 ponerent,

150 2568 233 2630 tum
258 2570 303 2625 ut
326 2572 451 2627 motus
478 2553 692 2652 supputandi
715 2550 860 2627 facilem
874 2575 1009 2629 accer-

151 2667 232 2725 tarn
265 2651 400 2729 inirent
434 2650 750 2748 monstrarentque
785 2651 898 2726 viam.
959 2655 1008 2727 Ar

153 2747 297 2837 sltem,
322 2767 367 2824 ut
386 2748 459 2837 eil,
486 2747 774 2836 confideremus,
796 2750 909 2827 unico
935 2748 1008 2825 llel·

154 2846 200 2924 lae
222 2869 351 2923 omnes
375 2867 453 2922 tam
478 2845 557 2921 fixae
583 2872 694 2947 quam
720 2863 885 2925 errantes
905 2870 1007 2927 motu

152 2942 241 3030 licet
263 2943 425 3032 diverso,
452 2943 712 3021 ordinatisiimo
740 2954 866 3022 tamen
890 2949 937 3025 ab
955 2970 1007 3033 nr

155 3063 199 3120 tu
229 3047 267 3123 in
296 3042 465 3120 occasum
495 3044 580 3121 ferri
614 3046 736 3146 palam
753 3068 756 3072 ·
772 3043 834 3121 est.
906 3049 1008 3125 Licet

11 3180 13 3185 ·
153 3144 254 3221 enim
278 3142 400 3223 tacitis
423 3142 541 3225 veluti
565 3141 738 3249 gressibus
758 3144 951 3253 paullatim
966 3143 1007 3221 ad

956 3268 1006 3327 01·
