2086 3682
134 126 233 227 428·
264 116 296 227 J
456 101 584 218 caput
624 99 726 194 Vll.
850 66 853 71 .

135 276 219 347 dem
246 267 372 369 phases
395 264 611 352 menstrua,
644 288 735 371 quas
765 261 873 365 instar
905 262 990 339 Pru

100 366 106 379 ’
134 372 213 447 mei
241 364 397 443 diversas
422 367 568 452 induit,
607 363 673 439 soli·
710 385 834 438 tamen
851 368 989 463 'corpo-

135 473 168 546 ri
197 470 367 567 sphaerico
381 465 629 563 ,·-ut-Optica
655 465 790 550 docet,
814 465 991 562 proprian·

125 572 248 647 Nunc
270 564 473 667 pleuresi,
497 564 644 663 quando
669 563 840 637 nimirum
871 558 993 641 a-sulu

136 663 270 742 diresin
300 662 465 762 opposrto
496 662 645 736 dimidia
678 684 763 760 pars
797 658 885 748 illa,
911 686 991 762 qun

134 789 203 842 nos
228 763 384 862 respicit,
408 782 489 837 tota
514 762 761 848 illuminatum
783 761 991 861 diciturque

137 884 227 940 tunc
260 862 331 936 esse
357 858 609 960 plenilunium.
684 860 796 935 Nunc
819 860 994 1030 pibbosa,

135 963 288 1063 quando·
309 960 432 1034 hemis
450 962 599 1035 barium
622 957 716 1032 lunae
743 984 765 1032 a
789 958 861 1032 soe
886 960 991 1057 velut

136 1063 242 1138 lateri
272 1061 352 1157 ejus
376 985 537 1135 adflante
566 1056 781 1133 illustratum
806 1058 990 1157 potiorem

138 1160 190 1235 sui
213 1179 356 1258 partem
381 1160 486 1233 nobis
516 1156 678 1231 obvertit
695 1202 719 1245 ,.
745 1155 905 1255 aliquam
938 1179 993 1235 α·-

136 1282 223 1334 men
251 1257 350 1331 simul
376 1276 517 1357 partem
534 1257 745 1346 lucidam-u¹
765 1258 872 1330 nobis
887 1276 992 1357 aver·-¹

68 1400 72 1409 ·
137 1360 211 1444 tit,
245 1360 344 1456 quod
369 1376 529 1456 quatuor
552 1375 652 1430 ante·
671 1379 715 1429 ac
735 1352 813 1455 post
828 1354 993 1455 plenilu-

136 1457 241 1537 nium
265 1456 394 1531 diebus
417 1457 630 1554 contingere
656 1452 768 1540 solet,
799 1478 846 1529 eo
872 1454 995 1531 distri-v

137 1558 258 1641 mine,
281 1577 324 1628 ut
349 1572 434 1629 ante
458 1553 696 1654 plenilunium
728 1554 859 1652 gibbus
886 1574 994 1656 partu

137 1652 280 1739 umbra,
307 1650 386 1752 post
408 1675 500 1726 vero
526 1673 628 1750 parte
655 1654 781 1725 dextra
807 1654 989 1729 emineat'i

137 1755 251 1826 modo
278 1752 477 1839 dimidiata,
492 1752 639 1850 quando
662 1750 900 1851 hemisphaerii
913 1774 991 1829 me·

136 1851 235 1935 diam
277 1849 397 1924 solum.
430 1848 573 1948 partem
605 1848 845 1935 illuminatam
886 1852 992 1929 nobis

137 1950 311 2036 exhibet,
339 1950 396 2023 ita
420 1969 465 2026 ut
489 1969 669 2048 quantum
692 1950 784 2025 lucis
805 1950 996 2053 indulgen·

136 2061 282 2123 tantum
306 2072 454 2148 quoque
478 2048 693 2123 abscondat:
725 2049 746 2122 fi
771 2048 850 2148 post
872 2052 992 2125 Nbvi-

135 2146 278 2223 lunium
305 2150 377 2221 hoc
404 2147 493 2232 fiat,
519 2168 676 2220 vocatur
697 2150 813 2246 prima
838 2152 995 2247 quadra-9

136 2265 239 2335 tura,
265 2246 288 2318 fi
314 2246 391 2343 post
416 2244 679 2345 plenilunium,
704 2246 848 2321 ultima:
877 2249 991 2329 modu

137 2342 272 2420 saltata
306 2346 365 2416 seu
401 2363 581 2424 cornuta,
612 2344 635 2417 sr
671 2343 750 2420 solis
785 2347 906 2421 lucem
938 2350 994 2422 ita'

136 2444 308 2542 excipiat,
323 2462 367 2515 ut
390 2443 566 2534 maiorem
593 2442 697 2518 satiei
720 2446 894 2520 radiantis
910 2470 994 2546 pan

21 2554 54 2573 ’·
112 2538 215 2616 ¹tem
239 2540 355 2616 oculis
378 2540 505 2616 nostris
532 2541 708 2617 subducat
722 2567 736 2633 3
774 2565 855 2619 tum
890 2549 991 2619 enim

23 2636 55 2725 s
136 2638 243 2715 instar
270 2639 369 2714 salcis
401 2662 578 2742 apparet,
610 2641 649 2715 ὅ(
682 2665 820 2718 cornua
851 2643 996 2742 gestare·

66 2805 70 2814 .
134 2742 302 2824 videtur,
329 2742 428 2838 quod
461 2740 592 2814 accidit
617 2741 792 2828 secunda,
818 2743 991 2818 tertia&

134 2828 264 2938 quart'a
304 2838 400 2936 post·
419 2838 479 2912 vel
512 2858 597 2912 ante
630 2838 874 2915 no'vilunium'
894 2843 957 2916 die
975 2856 996 2914 r·

134 2941 291 3036 denique
323 2962 419 3012 nova
451 2935 527 3021 est,
566 2939 628 3011 ubi
657 2941 894 3039 conjungitur
928 2938 989 3015 stli

19 3040 29 3053 “
112 3057 181 3111 'ea
203 3035 303 3134 lege,
337 3056 380 3109 ut
403 3035 582 3133 superiore
607 3039 857 3138 hemisphaerio
890 3038 992 3140 peniq

106 3228 113 3244 ‚
138 3153 199 3208 tus
223 3133 397 3210 illustrato
412 3132 563 3210 insenius
579 3135 662 3213 luce
679 3161 846 3216 ⁴vacuum
869 3158 916 3216 ac
935 3159 989 3213 te·

157 3262 161 3269 ·
316 3274 321 3282 ·
928 3261 986 3312 ne·
