2086 3682
242 169 367 261 Varla
378 166 602 287 morborum·
606 197 760 286 genera.
857 197 943 284 205

92 330 218 407 urielis
236 333 333 428 fibris
349 332 578 431 postmodum
601 335 836 432 exprimituri
852 336 949 425 vela

93 431 284 531 sapguinej
300 434 399 531 quod
421 433 516 523 sero,
540 433 631 519 bile,
649 435 781 532 pituita
793 433 945 535 aliisque

92 528 249 605 foecibus
268 533 456 621 bbuodat,
494 532 601 630 seque
629 555 716 608 cum
743 535 886 632 impetu
904 538 945 611 itt

56 692 59 697 .
90 629 285 730 pulmones
304 629 477 720 effundit,
506 632 628 730 ibique
647 629 799 730 stagnat.
867 631 945 711 Ple*

90 751 248 827 rumque
275 750 399 805 autem
425 727 625 805 delluvium
653 731 946 830 hocpromovet

91 830 185 901 aeris
215 828 330 903 subito
346 832 506 921 mutati,
521 829 560 905 ὅ(
577 852 679 941 nune
696 825 818 930 frigidi
840 829 923 931 plus
933 876 946 919 ,

90 948 191 1002 nunc
217 926 325 1002 calidi
337 928 482 1006 vitium.

164 1197 197 1268 Α
219 1195 338 1295 capite
363 1194 409 1270 ad
429 1197 628 1271 exteriores
656 1193 818 1296 corporis
833 1191 947 1269 facul-

91 1311 187 1367 tates
204 1292 275 1369 five
297 1291 414 1369 sensus
428 1315 635 1395 pergamus,
650 1295 712 1393 qui
735 1318 808 1369 non
824 1295 950 1369 minus·

86 1394 200 1466 -variis
217 1396 367 1481 morbis,
379 1396 668 1493 morborumque
680 1392 947 1492 periculisxluot

90 1491 249 1566 obnoxii
301 1492 446 1567 Oculos
469 1491 613 1568 infestat
635 1515 710 1567 non
733 1512 816 1566 raro
833 1505 952 1592 gatto¹

87 1587 221 1679 serena,
238 1589 297 1663 seu
312 1590 520 1680 Amovrofia
536 1616 609 1691 qua
625 1589 793 1666 aboletur
811 1591 870 1664 vel
892 1590 946 1663 dl·

88 1691 268 1762 minuitur
285 1688 379 1764 visus
400 1688 503 1767 nullo
522 1688 670 1765 sensibili
695 1691 734 1765 in
748 1689 865 1764 oculis
891 1684 946 1762 vl·

89 1788 144 1860 tio
162 1786 397 1883 deprehenso,
420 1810 661 1891 praeterquam
686 1789 789 1891 quod
810 1786 946 1886 pupilla

88 1886 194 1977 nigra
219 1886 256 1955 br
282 1887 436 1980 amplior
455 1912 627 1983 appareat
650 1889 702 1962 ob
731 1890 946 1987 impeditam

45 2016 48 2021 ·
89 1979 281 2079 spirituum
297 1981 505 2096 opticorum
528 1981 760 2059 affluentiam.
813 1983 947 2060 Caulia

88 2080 242 2155 interior
269 2082 379 2174 hujus
410 2079 496 2153 mali
516 2078 568 2153 est
590 2078 751 2181 angustia
771 2103 946 2179 potorum

88 2177 357 2254 &tubulorum
378 2179 481 2254 uerti
495 2180 621 2277 optici,
648 2178 706 2255 vel
724 2181 946 2254 tunicareti·

87 2300 143 2350 nae
160 2280 312 2352 nimium
331 2278 413 2353 laxa
428 2277 466 2353 δι
484 2275 654 2361 flaccidae
681 2280 839 2363 exterior
855 2302 946 2355 vero

87 2375 220 2475 lapsus,
236 2372 424 2475 percullio‚
436 2378 514 2452 solis
531 2378 628 2453 lunae'
652 2403 699 2455 ue
712 2373 945 2477 'frequentior

88 2474 264 2573 aspertus,
286 2473 444 2575 crapula,
462 2405 715 2577 intempbliva
731 2476 857 2565 studia,
872 2470 944 2555 &o

42 2676 55 2693 χ
161 2603 288 2682 Affinis
311 2606 361 2682 est
372 2606 529 2703 fiaffasto,
546 2605 945 2711 seuhypocbinrmcoto·

88 2703 209 2791 ralla,
232 2709 320 2781 dum
345 2710 434 2782 radii
449 2708 510 2783 vel
532 2705 666 2806 species
681 2710 770 2783 visui
791 2709 945 2785 serviem

88 2822 148 2876 tes
164 2805 343 2880 obstrubla
357 2831 421 2905 per
437 2811 628 2883 materiam
645 2807 814 2885 vilcolatn
826 2807 942 2906 pupil-

64 2899 124 2975 la
140 2904 431 3002 intercipiuntur,
448 2921 521 3005 quo
542 2909 662 2987 minus
685 2910 730 2983 ad
749 2909 944 2983 humorem

89 3000 332 3099 crystallinum
349 3003 478 3078 deferri
496 3028 654 3103 queant3
677 3006 777 3103 quod
797 3002 873 3078 fieti
892 3005 944 3079 m-

89 3100 162 3186 ler‚
187 3101 208 3172 li
229 3105 361 3174 humor
377 3126 565 3191 excretus,
593 3109 655 3203 qui
677 3108 781 3180 initio
803 3106 941 3192 tenuit,

88 3199 278 3297 paullatim
310 3224 399 3277 veto
416 3200 545 3279 aulius
563 3205 601 3281 iu
612 3203 715 3289 :ralis
734 3223 805 3286 aut.
818 3205 941 3320 uarii?
