2086 3682
149 208 153 215 ,
216 108 544 246 ¹Arclu‘lrlioru'ra
564 137 725 247 civilis(
835 185 920 271 235

60 376 63 383 .
142 320 202 392 lil.
260 319 355 395 Ordo
390 326 548 395 iocatur
582 343 699 420 genus
734 324 919 421 quoddam

68 440 390 505 ornamentorum,
406 443 436 493 z
451 421 566 492 tribus
586 417 688 493 velut
709 424 922 519 corporibus

66 537 140 593 tres
153 540 310 617 quoque„
318 540 440 618 partes
458 516 555 616 quas
578 502 743 593 menbra
761 519 917 693 comple

64 614 247 701 dentibus
269 616 521 716 compositum.
578 616 740 692 Primum
763 617 814 693 est
864 634 922 718 ty-

64 712 193 803 solata,
207 713 375 790 infimum
390 714 543 791 Ordinis
556 740 686 816 genus,
703 715 806 813 supra
821 718 921 816 q'uod

65 812 236 889 columna
249 816 419 915 erigitur,
441 838 510 888 arae
526 838 600 889 non
618 816 786 890 absunile.
839 816 923 893 Hoc

65 912 184 988 rursus
209 917 376 988 continet
396 912 517 1006 Basta,
551 912 747 1002 Truncum,
776 912 920 989 Coroni·

64 1008 149 1086 dem.
224 1014 433 1088 Secundum
456 1012 507 1087 est
540 1008 707 1087 Columna
739 1014 797 1087 vel
820 1013 919 1112 pilo,

65 1111 183 1186 arbori
200 1109 362 1210 superius
386 1137 430 1185 ac
447 1109 597 1184 inferius
614 1110 764 1185 abscilsae
791 1112 918 1186 smilis.

64 1210 119 1307 Ad
149 1211 246 1285 hanc
271 1211 393 1284 denuo
414 1208 623 1303 reseruntur
645 1206 766 1302 Bafis,
792 1210 920 1313 Scopas

64 1310 107 1383 ad
132 1307 287 1408 cylindri
319 1307 477 1385 formam
511 1309 759 1411 compositus,
794 1313 845 1385 ita
876 1331 920 1387 ut

64 1406 222 1510 superior
255 1406 433 1483 columnae
461 1431 546 1510 pars
575 1406 738 1496 nonnihil
767 1410 919 1487 declivis
985 1426 989 1431 ·

63 1504 121 1594 stt,
149 1507 188 1581 &
219 1502 434 1606 Capitulum.
509 1507 677 1593 Tertium
708 1506 917 1601 Trabeotio,

62 1628 174 1779 quaeco
168 1609 403 1721 componitur
437 1630 484 1683 ex
517 1605 716 1708 Epyliilio,
761 1604 919 1710 Zoploro

61 1728 105 1781 ac
176 1728 306 1780 ronice.

29 1911 32 1921 '
132 1906 258 2003 Atque
287 1902 417 1979 harum
443 1906 555 1979 trium
580 1902 734 1980 Ordinis
758 1907 917 2006 partium

57 2003 222 2077 membra
259 2005 400 2096 majora
436 2004 563 2075 rursus
612 2001 651 2074 in
680 2004 749 2077 alia
778 2006 920 2080 minora
971 2024 976 2037 “

57 2101 222 2176 membra
253 2102 292 2176 δι
326 2097 445 2172 veluti
488 2096 664 2181 articulos
704 2097 921 2177 distribuunt

56 2196 285 2287 Architecli,
328 2195 465 2271 scilicet
498 2193 652 2296 triplicis
681 2198 848 2296 generis,
880 2199 920 2273 in

56 2301 214 2395 maiores
252 2316 297 2372 ut
327 2294 526 2399 Qodrum,
548 2287 753 2394 plinthum,
778 2294 855 2375 &a
881 2296 920 2371 in

55 2401 235 2487 minores,
254 2417 298 2470 ut
322 2394 507 2497 Rpgulom,
526 2393 770 2495 Astragum,
788 2395 864 2475 &a
882 2395 921 2473 δι

55 2498 92 2571 in
109 2497 328 2581 mediocres,
340 2517 384 2569 ut
409 2490 593 2583 limbum,
610 2491 824 2595 Cymatium,
840 2494 918 2575 &c

57 2618 215 2696 quotum
258 2595 432 2682 nomina,
468 2591 654 2667 mensuras
690 2596 728 2670 &
761 2594 919 2670 formam

55 2692 180 2795 passim
224 2693 456 2794 suppeditant
493 2690 573 2766 libri
617 2690 917 2769 Architedonici.

57 2794 205 2872 Ordinis
236 2815 363 2867 nutem
403 2813 514 2890 quem
559 2792 734 2890 exposui,
770 2790 920 2883 scientia,

53 2888 295 2972 acutatiffima
319 2916 392 2967 non
420 2882 534 2965 solum
555 2887 606 2962 est
621 2887 834 2972 Architedo
857 2913 918 2963 ne·

52 2994 217 3080 cessaria,
246 3011 379 3089 utpote
400 2988 470 3062 fine
489 3012 649 3086 quante
672 2986 790 3061 ullum
811 2986 925 3061 aedifi:

51 3097 170 3183 cium,
200 3115 269 3166 nec
303 3088 378 3163 ulla
410 3090 576 3185 ejusdem
609 3110 693 3187 pars
725 3088 797 3161 rite
830 3106 919 3161 cons

50 3192 136 3272 strui
158 3188 306 3296 potest,
335 3182 467 3362 verurlp
495 3188 611 3264 etiam
638 3182 820 3262 utiliffima
844 3182 921 3259 alii·

485 3308 504 3379 5
554 3308 558 3315 '
827 3305 922 3384 qim·
