2086 3682
135 112 254 223 220⁸
362 69 614 243 ''Capui
652 124 703 217 V.

140 290 302 394 pitolio,
347 287 514 367 Porticus
555 280 776 390 Bafilicaque
816 293 919 371 Lucii
958 294 999 371 δι

140 393 255 489 Caii,
286 391 376 465 item
410 388 576 463 Porticus
603 391 715 464 Liviae
739 391 777 466 n
800 389 998 483 Octavia,

32 486 37 500 “
137 492 398 590 theatrumque
425 486 599 576 Marcelli.
627 553 630 558 .
656 490 821 567 Caereros
845 516 998 594 quoque

77 646 80 651 -
125 666 127 671 ,
163 592 318 690 rincipes
344 589 456 663 Viros
473 586 572 687 laepe
594 588 764 664 hortatus
790 590 904 681 eli‚ut
929 617 996 694 pto

136 616 374 791 inculcantibus
403 688 561 786 quisque
599 684 668 761 suis
693 688 831 766 Urbem
867 715 1020 768 mono-2

136 793 271 866 mentis
300 787 361 865 vel
396 783 540 861 refellis
569 785 630 861 vel
654 811 783 863 recens
809 787 997 870 exstruens

133 908 316 968 ornarent
336 912 348 936 ²
379 889 513 985 Neque
544 883 687 986 segnius
711 887 872 989 Augusti.
887 889 996 969 uesti-

41 1074 45 1083 .
133 990 203 1090 giis
226 986 386 1075 institere
410 987 654 1084 Imperatores
679 986 836 1086 reliqui,
875 990 928 1066 ita
951 1009 996 1064 ut

30 1098 36 1112 ¹
132 1110 213 1163 aevo
239 1086 302 1162 illo
327 1081 584 1160 Architectura
611 1085 799 1183 majestate
838 1113 883 1165 ac
916 1087 995 1167 soli·

70 1234 73 1239 ·
133 1189 251 1263 ditate
287 1183 349 1260 sua
379 1184 579 1287 plurimum
605 1181 674 1260 sese
699 1190 993 1278 commendaret,

20 1356 21 1365 ,
133 1287 171 1365 id
226 1286 302 1373 uod
327 1286 577 1360 Romanarum
602 1307 725 1378 rerum
750 1269 890 1387 peritoi
903 1287 994 1363 mul·
1027 1353 1032 1363 .

130 1407 179 1462 tae
197 1309 340 1460 iacent
363 1381 524 1484 requuiae
549 1401 596 1459 ex
618 1385 734 1485 Aquis
761 1387 994 1476 Claudiis&

130 1485 283 1563 Anienis
309 1484 416 1559 novis
440 1480 608 1558 nauibus
632 1484 814 1559 inchoatis
848 1512 870 1560 a
894 1486 994 1562 Cali-

33 1619 36 1624 ’
112 1584 228 1688 'gula
254 1609 276 1662 a
301 1582 460 1660 Claudio
486 1579 711 1679 absolutius
732 1583 879 1673 theatro
894 1585 994 1660 Mar·

130 1684 212 1761 celli
244 1684 282 1759 in
306 1680 531 1760 Sabellorum
590 1679 728 1766 olatio,
762 1704 809 1756 ex
839 1685 993 1784 Amphi·

112 1785 290 1870 choante,
316 1779 440 1880 vulgo
458 1777 539 1852 Colo
565 1804 616 1867 eo,
644 1780 681 1853 δι
706 1779 864 1880 Templo
886 1781 992 1859 Pacis

66 1890 83 1903 ”
127 1881 393 1982 aVespafiano‘
413 1878 575 1951 condito.
634 1877 815 1976 Traianus
840 1904 991 1982 quoque

127 1983 267 2059 llrbem
294 1974 458 2080 piurimis
490 1975 806 2075 &pulcherrimis
832 1978 990 2059 adificiis

128 2082 302 2170 ornavit,
344 2100 424 2179 quat
456 2096 572 2151 artem
607 2079 645 2152 δι
679 2077 988 2180 magnificentiam

126 2180 189 2259 vel
214 2205 236 2257 e
258 2181 371 2255 ruinis
393 2175 595 2253 ostentant:
624 2199 776 2277 pontem
792 2179 903 2255 etiam
915 2182 989 2256 Da·

123 2280 239 2357 nubio
275 2275 447 2376 imposuit
471 2273 685 2353 Architeilo
719 2276 802 2351 usus
840 2278 987 2378 Apollo·

125 2381 230 2456 doro.
293 2374 455 2475 Superba
487 2372 629 2465 m'oles,
668 2398 779 2473 quam
811 2378 988 2454 Hadriani

123 2474 315 2580 sepulchro
364 2471 600 2574 lirpecstruxit
628 2474 838 2550 Antoninus
874 2476 985 2567 Pius,

123 2574 318 2662 columna,
330 2597 423 2671 quas
445 2591 641 2651 erexerunt
664 2569 896 2668 Traianus&
910 2580 987 2655 An·

122 2675 274 2753 toninus
306 2688 561 2759 memoratam,
592 2671 685 2745 varii
720 2697 825 2750 arcus
859 2677 985 2752 trium·

122 2773 279 2880 phales,
316 2775 403 2848 artis
438 2776 518 2847 tuni
543 2769 703 2870 vigentis
729 2773 984 2852 excellentiam

67 2942 79 2961 ,
122 2875 268 2953 abunde
300 2869 561 2963 demonstrant.
613 2870 783 2947 Therma
807 2877 984 2963 Antonini

120 2970 321 3053 Caracalla
346 2995 391 3048 ac
410 2965 636 3052 'Diocletiani
667 2968 821 3072 gloriam
853 2969 994 3052 florem·

82 3133 85 3136 .
119 3073 168 3150 tis
190 3068 454 3176 architeilurae,
481 3064 641 3144 Gallieni
663 3091 754 3146 vero
781 3075 899 3148 circus
921 3099 981 3151 ex·

120 3193 184 3261 tta
202 3190 349 3276 portam
373 3169 605 3273 Campanam
643 3168 797 3265 labentis
829 3172 981 3251 infelici·

165 3314 174 3325 ’
278 3292 284 3340 5
373 3304 375 3311 =
663 3310 666 3321 «
714 3281 720 3293 ’
923 3287 978 3350 ta.
