2086 3682
80 114 176 261 μσς
245 90 247 93 ’
387 126 694 251 capum
795 153 799 162 ·

90 296 310 397 longinquos
344 297 381 371 in
409 294 565 373 Oceano
589 293 726 371 trullus
751 295 860 370 fnilie
884 297 963 371 ab»

31 432 37 450 ι
89 419 233 496 reptos,
260 405 304 479 ac'
335 395 563 496 permultos
589 397 666 470 dies
693 397 730 471 vi
757 394 949 495 tempesta·

89 497 136 570 tis
180 493 334 591 jacintus
375 496 523 571 tandem
557 497 603 570 nd
634 493 786 569 insulam
819 518 948 595 perve·

78 593 174 677 ,oilie
211 592 376 671 latislime
418 613 638 695 patentem,
685 595 799 688 cujus.
830 592 948 670 lolum

72 717 277 779 vamoenum
304 718 347 768 ac
372 693 603 795 lrugiferum,
617 694 864 794 amnibusque
883 717 950 768 na·-

71 795 283 966 ,viqationis
309 796 531 892 patientibus
553 794 745 893 irriguum.
811 790 948 868 Atilio·

86 911 125 969 te
139 916 178 968 es
194 893 443 992 quoque-vel
467 894 680 993 quicunque
705 895 855 966 demum
866 898 947 966 Au·

85 993 172 1066 th'or
198 991 239 1069 fit
261 990 370 1073 libelli
396 994 442 1066 de
469 992 634 1080 Mundo,
661 991 709 1066 de
731 989 944 1066 Mercatori-

59 1090 153 1170 pbus
180 1090 532 1192 Carthaginensium
545 1104 747 1178 memorat,
777 1113 841 1165 eos
866 1088 948 1191 poll

84 1187 282 1279 traiectum·
303 1189 437 1265 fretum
461 1184 689 1269 Herculeum
729 1188 814 1267 vela
850 1190 947 1264 dire·

82 1287 309 1388 xiiio-magis
334 1288 458 1364 versus
493 1289 765 1375 Occidentem,
796 1289 835 1364 ὅ(
865 1287 946 1390 post

44 1410 48 1415 ·
75 1387 222 1462 multos
248 1389 325 1486 dies
351 1387 523 1488 adpulilie
547 1391 584 1464 in
609 1390 808 1463 maximam
830 1411 959 1487 quam·

83 1488 168 1561 dam
198 1488 500 1588 incognitamque
524 1508 688 1563 terram:
722 1506 761 1561 at
783 1509 858 1562 non
879 1487 969 1581 diu]

82 1582 201 1687 tulisse
226 1587 319 1663 hauc
345 1588 618 1688 navigationem
641 1591 816 1662 Senatum
853 1584 970 1662 Car·¹

29 1752 31 1755 ,
66 1686 354 1786 thagiu'eolem‚
382 1689 566 1774 veritum,
589 1710 636 1760 ne
662 1684 722 1758 illa
747 1709 847 1760 nova
870 1706 944 1760 teos

79 1804 121 1861 ra
145 1788 184 1861 in
212 1786 357 1862 divitias
373 1808 425 1860 ‘ac
448 1783 863 1885 potentiamcresceme
880 1782 943 1860 de'·

72 1880 208 1961 ficeret
241 1884 315 1984 ipsa
351 1886 568 1986 Carthago,
606 1884 661 1972 uti
694 1883 863 1958 observat
895 1905 944 1959 ex

6 2065 15 2084 ,
78 1983 273 2062 Aristotele
299 1984 438 2083 Lipsius
462 1986 502 2057 in
529 1977 720 2084 Phystolog.
740 1981 852 2057 Stoic.
895 1984 984 2060 in<

55 2082 150 2159 vliae
170 2085 228 2158 rei·
248 2085 489 2183 ambiguitate
520 2083 592 2157 hoc
624 2102 796 2185 certum,
829 2081 943 2155 inter·

44 2196 66 2255 .’
80 2180 340 2282 militopolim
366 2183 423 2255 his'
446 2180 743 2283 navigationibus
762 2182 944 2259 Ameticae

78 2283 294 2365 memoriam
319 2280 365 2358 'ad
391 2279 502 2353 seculi
528 2277 642 2376 ulique
664 2280 796 2352 decimi
819 2282 942 2376 quinti

66 2372 245 2481 tempora
268 2376 454 2455 oblivione
479 2374 656 2476 sepultam
681 2374 793 2450 fuisse.
818 2380 943 2477 AEque

76 2479 259 2563 inceitum
282 2488 335 2550 ‘ac
361 2473 614 2556 controvcrfiae
639 2475 839 2553 obnoxium
866 2478 940 2569 est,

74 2576 174 2663 unde
199 2576 237 2649 in
253 2571 381 2651 nibem
405 2576 506 2650 hunc
531 2598 671 2651 novum
698 2576 804 2674 primi
819 2594 963 2675 ’penes

9 2709 41 2772 '.
77 2675 209 2750 ttnrint
232 2672 370 2751 incolae.
428 2673 941 2777 Diversus-diverfi-Geogru·

75 2774 140 2874 phi
163 2774 243 2850 uias
268 2773 544 2875 investigarunt.
619 2777 717 2849 Nam
743 2776 805 2875 qui
826 2783 940 2852 Arne·¹

65 2874 192 2961 ticam,
220 2872 309 2948 Afiae
326 2930 328 2937 .
347 2872 694 2973 ¹alicubi-cohaerere
728 2872 936 2973 persuasum

75 2973 224 3083 halent,
251 2975 351 3050 viam
377 2971 551 3076 alfigmnt
572 2972 780 3048 terrestrem
789 2996 855 3070 per
868 2998 937 3050 no.

50 3070 160 3146 'vam
187 3072 379 3151 Zemblam
406 3093 472 3149 aut
494 3071 760 3146 Gronlandiam
788 3075 936 3170 Scythis

73 3168 134 3252 seu
158 3173 540 3277 thtarisupertam,
567 3194 684 3277 quum
708 3171 799 3250 varii
821 3176 933 3290 Ame-

291 3315 293 3320 ·
484 3292 513 3299 ·’
850 3294 934 3351 ncae
