2086 3682
8 175 10 179 ·
88 160 176 264 204
413 139 540 260 Caput
572 141 633 237 V..
742 217 744 221 -

62 307 166 394 tur,
193 301 398 380 distinctum
423 326 526 395 erat,
551 329 625 404 quo
653 303 791 387 sublato
816 304 946 409 ingres·

66 405 143 482 ¹sus
169 406 329 507 patebat.
401 406 490 480 Haec
525 404 637 480 facies
674 406 942 497 Tabernaculi3

85 527 165 605 qua
191 529 281 580 vero
307 505 344 578 in
364 528 414 582 eo
440 505 742 584 continebantur,
773 506 968 604 'inprimis

83 605 208 695 media
230 603 345 680 stabat
374 603 411 678 in
439 601 570 679 Sandlo
598 629 660 679 ara
693 604 941 703 thymiamatis

82 728 159 779 uno
192 704 267 780 lata
300 703 341 778 bt
368 701 504 802 longa,
543 705 687 778 duobus
722 705 854 779 cubitis
889 703 959 779 ab·

81 821 149 891 ta,
180 826 269 878 auro
293 800 526 896 rnundiffimo
551 801 694 879 vellito.
759 807 817 878 Ad
843 803 941 880 latus

9 895 14 913 “
80 895 250 977 dextrum
291 900 515 977 collocatum
563 898 646 978 erat
682 903 968 978 candelabrum‘

79 998 214 1078 dustile
239 1025 286 1077 ex
308 1024 398 1076 auro
422 997 635 1098 puriffimo‚
662 1000 802 1089 hastili,
843 1003 937 1077 cala·

76 1104 161 1187 mis,
186 1099 386 1202 sphaerulis,
411 1098 521 1191 liliis,
548 1127 593 1176 ac
615 1100 749 1200 leptetn
781 1098 939 1179 lucernis

77 1198 189 1279 nonu
215 1202 395 1276 duntaxat
419 1197 688 1298 splendentibus
705 1199 934 1291 ,instrullum

76 1299 136 1375 Ad
165 1297 338 1375 sinistrum
362 1298 478 1398 postca
502 1296 788 1400 conspiciebatur
813 1299 935 1379 mensa

10 1402 11 1407 ’
76 1398 209 1474 eodem
233 1422 280 1474 ex
305 1397 404 1498 ligno
432 1399 470 1473 ἀ
495 1422 585 1475 auro
612 1397 848 1488 constr-uua,
870 1425 932 1475 cu·

74 1497 132 1594 jus
166 1497 359 1599 iongitudo
385 1497 569 1586 duorum,
603 1496 761 1577 latitudo
792 1501 930 1585 unius,

72 1595 231 1680 altitudo
264 1598 379 1691 cubiti
405 1599 443 1672 δι
467 1591 630 1684 semiffis,
659 1597 697 1670 in
722 1621 795 1695 qua
821 1595 930 1696 Panas

65 1696 338 1796 proposttionis,
374 1715 418 1771 ut
439 1693 695 1799 adponuntur,
733 1694 792 1770 sex
816 1694 929 1771 utrin-

71 1814 144 1895 que
175 1799 316 1898 magnis
347 1795 496 1874 crateris
536 1791 596 1867 seu
634 1795 778 1892 cyathis
809 1792 926 1872 tectos

70 1895 252 1972 collocare
278 1921 301 1971 o
328 1895 454 1977 uetuit,
471 1915 625 1969 numero
651 1895 926 1988 duodecimtri·

67 1990 187 2070 bubus
211 1920 326 2070 lsrael)
334 1991 586 2089 respondente.
631 1991 821 2069 luSanllo
838 1997 926 2070 San·

69 2089 211 2169 &orum
225 2145 237 2182 ‚
292 2091 377 2164 uod‘
393 2086 602 2168 sanetiffima
631 2117 715 2190 pars
739 2093 923 2185 Taberna·

67 2192 139 2267 culi
166 2193 250 2279 fuit,
326 2214 391 2287 per
412 2190 537 2280 velum
564 2217 676 2290 opere
701 2193 922 2291 plumato&

64 2294 254 2393 variegato
289 2285 493 2362 distinctum
527 2317 548 2364 a
583 2289 714 2366 Sancto
737 2292 920 2392 separaba-

64 2395 256 2480 tur,'Arca
281 2385 493 2464 Testimonii
520 2390 675 2488 quievit,
701 2415 723 2465 e
748 2391 847 2492 ligno
871 2392 923 2468 le·'

62 2484 344 2575 timrfabricata,
366 2509 530 2586 auroque
557 2488 802 2588 probatilltmo
831 2489 919 2567 foris

62 2611 107 2663 ac
129 2587 230 2661 intus
258 2585 398 2674 vestita,
416 2588 521 2686 cujus
542 2584 737 2688 longitudo
763 2592 855 2665 duos
878 2591 918 2667 δε

16 2709 19 2714 ·
61 2684 185 2773 sentis,
217 2684 373 2760 latitudo
409 2687 454 2792 dt
469 2687 627 2762 altitudo
654 2713 770 2764 unum
800 2691 839 2764 dr
866 2688 917 2765 se·

59 2785 130 2862 mis
153 2786 320 2861 cubitum
347 2784 668 2886 compledbebatun
685 2792 741 2864 cin
769 2791 915 2863 ebatur·

6 2906 8 2928 1
58 2907 132 2986 que
156 2907 293 2962 corona
324 2884 383 2961 seu
418 2883 530 2960 limbo
562 2896 706 2963 aureo:
744 2814 817 2962 {nu
849 2887 912 2965 suo

57 2983 233 3060 conclultt
257 2984 398 3087 tabulas
430 2986 539 3084 Legis
571 3013 591 3062 a
616 2989 698 3063 Deo
727 2987 815 3062 Mofi
840 3008 912 3064 tra·

55 3085 173 3187 ditas,
205 3083 328 3188 possen
351 3102 437 3161 ante
461 3108 522 3159 eas
548 3109 640 3160 urna
663 3111 746 3161 cum
775 3091 912 3166 Manna

54 3182 94 3267 dt
117 3184 223 3288 uirga
240 3183 410 3272 -Aaronis,
432 3207 515 3285 quae
536 3180 759 3271 l‘ronduerat.
807 3187 911 3303 Ope·

67 3338 70 3345 ¹
624 3323 630 3330 '
677 3337 688 3357 r
841 3311 912 3364 tle*
