2086 3682
375 152 637 269 Astronomio.
867 184 955 278 405

90 332 223 399 'ortum
248 320 481 395 retrocedere
503 321 611 395 nobis
635 320 841 411 videantur,
857 326 953 401 ratio

95 440 224 495 tomen
250 420 457 519 apparentis
480 420 590 515 hujus
613 441 738 494 motus
770 423 808 495 in
833 446 955 524 prom·

95 534 165 621 ptu
196 516 280 613 est,
319 519 406 616 quia
440 519 612 593 nimirum
644 515 750 595 stenae
777 541 884 596 motu
907 522 954 597 ab

95 616 242 703 oriente
265 618 303 691 in
320 617 552 693 occidentem
577 615 638 693 seu
664 618 795 694 diurno
808 640 871 715 24.
886 620 952 697 ho·

95 740 221 795 rarum
264 717 422 816 obreptae
457 741 531 792 non
576 718 727 793 omnino
771 719 818 796 ed
854 719 953 795 idem

95 814 277 917 pontium
300 814 537 896 Meridiani,a
562 839 636 913 quo
660 813 822 904 fuerunt,
835 816 955 919 egrei-

97 914 159 1004 soe,
182 920 431 991 revertuntur.
502 911 668 991 inofetio
693 914 861 992 constans
886 918 953 993 dub

95 1036 158 1091 cet
182 1011 410 1101 observatio,
433 1010 523 1087 fixas
546 1015 655 1088 citius
687 1014 735 1088 ad
760 1016 955 1093 Meridirni

95 1133 236 1189 metum
264 1111 409 1213 finguiis
434 1111 562 1186 diebus
586 1115 808 1212 pervenire,
840 1138 954 1213 quam

96 1214 332 1288 Saturnum:
368 1212 466 1286 hunc
495 1211 604 1285 citius
645 1235 756 1310 quam
786 1214 952 1314 Joveme

90 1308 201 1387 'istum
224 1334 336 1409 quam
357 1311 536 1397 Martem,
553 1311 713 1386 Martem
737 1314 842 1389 cursu
861 1335 953 1413 prae.

95 1410 223 1486 venire
248 1410 455 1498 Venerem,
475 1428 526 1484 uc
549 1412 790 1503 Mercurium,
806 1413 953 1489 Lunrrn

95 1532 188 1585 vero
223 1504 419 1585 lentiiiimo
451 1510 567 1609 gradu
597 1510 770 1612 subsequi.
844 1512 953 1588 Unde

93 1627 275 1709 apparent
297 1609 415 1696 nobis,
431 1632 476 1684 ac
501 1608 525 1682 s1
549 1610 730 1685 orientem
753 1608 878 1687 versus
894 1632 953 1687 re·

92 1708 330 1785 trueederent
360 1727 467 1783 motu
500 1709 671 1809 proprio,
710 1709 749 1784 id
780 1709 881 1810 quod
911 1709 952 1787 in

94 1808 202 1883 Luna
234 1805 421 1883 manifeste
458 1807 775 1906 deprehendimus.
850 1810 951 1885 Nam

54 1986 72 2001 ,
93 1906 175 1981 haec
198 1906 288 1981 dum
313 1929 413 1981 nova
437 1905 508 1992 est,
533 1904 673 2006 vesperi
696 1932 771 1983 una
796 1930 882 1983 cum
898 1907 951 1985 so·

91 2002 130 2081 ie
160 2006 393 2081 horizontem
422 2004 622 2077 occiduum
658 2003 784 2091 subit;
826 2006 951 2083 triduo

90 2122 223 2181 eutem
245 2104 306 2181 vel
332 2101 529 2204 quatriduo
552 2099 633 2200 post
659 2099 731 2177 sole
755 2103 952 2181 occidente

89 2204 208 2307 iongu
231 2203 356 2281 versus
381 2223 505 2278 ortum
520 2197 714 2277 intervallo
730 2196 854 2275 relide
872 2224 952 2277 cer·

89 2308 216 2391 nitur,
244 2305 362 2378 donec
393 2304 453 2375 die
485 2299 629 2375 decima
659 2318 789 2399 quarta
815 2296 887 2375 sole
910 2301 952 2379 in

88 2402 264 2481 occasum
287 2420 466 2519 vergente
492 2396 565 2498 ipsa
590 2400 741 2475 demum
764 2400 869 2517 iupra
885 2399 951 2475 ho·

88 2506 273 2579 rizontem
297 2520 461 2575 ortrvum
485 2522 675 2600 emergere
692 2498 948 2599 conspiciatur.

90 2601 212 2701 Qud
235 2620 359 2676 autem
391 2601 430 2673 in
450 2597 569 2683 luna,
602 2599 676 2672 hoc
699 2600 860 2698 pariter,
894 2600 950 2675 di·

88 2700 199 2779 verso
225 2698 312 2779 licet
336 2699 477 2785 modo,
517 2716 592 2773 tam
617 2697 654 2771 in
679 2694 752 2773 soie
776 2720 887 2797 quam
909 2699 950 2775 in

50 2792 53 2799 ’
88 2799 265 2879 omnibus
303 2796 380 2873 aliis
417 2797 573 2897 planetis
605 2819 648 2871 ac
662 2793 779 2897 'stellis
808 2797 949 2872 contin·

88 2906 179 3003 'gtre
214 2892 336 2975 sedula
375 2894 578 2971 coelestium
615 2917 739 2970 rerum
783 2913 950 2971 contern-

87 3000 207 3103 pirtio
231 2993 415 3098 patefacit.
482 2995 592 3071 Ratio
615 3015 737 3071 autent
763 2993 948 3069 diverfita·

90 3102 149 3179 tir·
164 3098 276 3190 hujus
316 3096 482 3193 (nempe
511 3093 612 3192 quod
637 3095 710 3168 hoc
734 3109 841 3167 motu
867 3115 948 3168 cur·

89 3198 169 3277 firm
201 3195 307 3275 suum
338 3191 505 3371 absolvo&
518 3190 620 3387 ohim
648 3190 782 3292 viginti
808 3214 948 3371 uuvdeiffi
