2086 3682
322 232 325 236 Ι
363 109 619 229 Astronomio.
857 126 942 235 363
978 234 984 247 ἰ

87 304 166 357 non
191 278 233 356 fit
256 279 425 365 obnoxia,
442 303 512 355 nec
534 278 649 378 ipsum
675 278 770 355 inter
796 279 834 356 ὅ(
856 306 947 357 ocu·

87 381 194 468 lum,
227 381 326 478 quod
351 381 429 454 viiu
456 377 605 454 discerni
631 374 766 479 poffit‚
793 382 944 457 interce·¹

91 482 168 555 dat.
220 479 327 565 Unde
350 479 550 579 contingit‚
579 498 622 551 ut
646 480 692 553 ad
716 480 868 555 eandem
890 504 943 558 at·
1007 532 1011 557 .

89 576 300 677 mosphaerae
326 576 548 679 superficiem
582 576 699 653 stellas
724 601 874 667 ornnes,
900 600 945 659 ut

66 697 136 753 -ut
160 703 184 753 a
208 678 242 753 se
267 678 425 751 invicem
449 697 631 765 remotas,
657 676 794 776 suoque
820 680 946 755 ordine

89 775 154 853 vel
178 774 377 875 superiores
400 775 460 853 vel
486 775 702 863 inferiores,
726 775 945 866 referamus,

90 874 369 973 &ubicunque
397 868 529 976 pedem
559 878 596 949 in
621 874 753 953 tellure
780 874 946 977 figimus,

89 976 137 1069 iu
155 974 310 1049 univerfi
335 977 456 1066 medio
483 974 670 1049 conbibere
697 975 800 1049 nobis
824 978 946 1052 videa·

90 1096 188 1149 rnur.
248 1074 398 1173 Quippe
424 1072 446 1147 (ι
470 1074 649 1148 ambitum
674 1072 853 1150 coelorum
879 1078 946 1150 im·

89 1169 270 1259 mensum,
295 1176 351 1246 uti
376 1171 447 1260 est,
471 1170 693 1273 spetiemus,
718 1170 825 1249 fateri
840 1198 947 1274 opor·

90 1292 172 1357 tet,
197 1291 310 1361 terrae·
324 1269 475 1372 globum
499 1268 661 1372 respeiiu
694 1272 779 1347 coeli
810 1270 945 1374 puncio

89 1370 198 1448 velut
214 1372 366 1444 minimo
381 1373 667 1470 comparandum
686 1370 768 1448 effe.
806 1377 946 1469 Qram·

89 1470 269 1547 necuim
295 1471 556 1569 Copernicanae
580 1467 680 1546 setrae
707 1469 837 1546 audibi
869 1496 948 1546 mo·

91 1590 175 1647 turn
202 1570 366 1645 tribuant
389 1568 532 1655 telluri,
567 1594 641 1645 non
667 1591 870 1669 potuerunt
895 1592 949 1644 ta·

91 1692 180 1745 men
198 1669 391 1766 hucusque
415 1692 480 1767 per
504 1666 617 1743 ullam
639 1669 874 1770 parabam,
906 1690 949 1743 ut

91 1768 300 1869 loquuntur
327 1769 607 1856 Mathematici,
647 1790 713 1843 aut
743 1770 848 1844 aliam
882 1770 948 1841 ob·'

93 1864 335 1945 servationem
371 1866 450 1966 post
482 1886 541 1941 tot
576 1890 730 1943 conatus
764 1870 946 1943 adhibitos

92 1966 287 2063 evincere,
319 1986 455 2038 terram
483 1966 629 2039 diverfis
663 1969 745 2039 anni
777 1974 946 2065 tempori-

92 2068 165 2143 bus
200 2065 263 2149 vel
301 2065 376 2139 hilo
419 2063 598 2136 remotius
630 2065 675 2135 ab
708 2064 827 2163 aliqua
862 2062 947 2138 coeli

89 2184 200 2269 parte
228 2167 426 2247 recedere,
458 2182 520 2236 aut
553 2161 598 2234 ad
630 2160 737 2235 aliam
772 2162 947 2236 accedere

82 2334 87 2341 .
120 2264 272 2367 ropius,
308 2266 360 2338 ita
391 2281 436 2336 ut
465 2281 640 2336 terrarum
666 2261 791 2335 orbern
825 2281 949 2335 acoe·

92 2290 175 2441 festi
210 2360 323 2461 spatio
360 2361 522 2458 undique
555 2358 682 2458 aequali
718 2358 846 2437 distare
882 2383 948 2459 pro

79 2483 290 2564 -comperto
320 2461 372 2534 iit.
445 2461 568 2534 Minus
601 2459 752 2533 dubium
782 2460 851 2533 effe
885 2481 945 2559 po·

94 2560 180 2649 test,
204 2560 228 2634 fi
253 2561 298 2634 de
324 2558 540 2642 cielestibus,
567 2581 648 2655 quae
675 2556 826 2632 siderum
851 2558 949 2633 serni·

94 2682 137 2739 ta
161 2659 265 2749 sunt,
290 2660 438 2733 orbibus
464 2655 663 2731 sermonem
688 2656 949 2733 instituamus}

95 2782 162 2839 eos
186 2760 285 2833 enirn
310 2756 436 2833 circuli
462 2773 629 2830 naturam
654 2758 870 2855 participare
897 2775 951 2830 te·

69 2858 213 2935 'statut
237 2853 462 2931 Ecclefiastes
494 2854 584 2951 (m)
614 2856 704 2929 dum·
735 2857 815 2929 ait:
870 2851 952 2927 Ori.

96 2953 251 3039 tursol
272 2953 321 3033 b‘
346 2949 489 3034 occidit,
510 2950 556 3031 ἴθ’
582 2952 758 3030 inlocum
779 2951 885 3048 suum
900 2977 955 3036 re-¹

878 3076 956 3127 uer--

177 3151 261 3238 (m)
292 3110 410 3235 opu}

503 3251 539 3330 Z
562 3270 584 3347 r
