2086 3682
92 152 168 246 '44
360 124 630 244 duputll.
736 152 739 157 ’

107 290 188 393 post
217 287 339 364 nubila
368 290 561 388 phoebus,
593 291 712 366 redire
743 293 968 394 magnisque

106 387 263 481 pastibus
288 389 531 478 adiummae',
557 414 667 489 quam
690 394 803 465 modo
827 394 963 491 adepta

107 491 183 578 est,
217 487 340 590 gloriar
364 487 512 567 culmen
536 491 758 575 contendere
781 489 856 564 visa
882 491 960 581 est,

104 594 223 664 itaut
249 588 381 662 merito
406 584 486 661 hae'c
510 589 639 686 quinta
654 586 820 687 periodus
834 591 962 680 instau-

108 688 264 762 rationis
287 686 358 759 dici
383 683 501 782 postis.
547 688 699 786 Quippe
725 685 844 762 seculo
869 690 962 765 XV.

100 788 220 861 totius
257 782 496 861 Astronomiae
527 785 763 887 instauraudae
797 787 961 863 laborem

101 907 239 982 magno
266 903 346 957 tum
372 886 548 985 ingenio,
581 904 662 958 tum
700 884 816 960 studio
848 885 959 961 felici·

103 1009 178 1085 que
212 982 398 1084 progressu
429 985 576 1082 occepit
607 984 793 1083 Georgius
817 985 959 1063 Peirba·

102 1086 232 1169 chius,
272 1083 310 1156 in
338 1084 474 1182 oppido
512 1084 701 1159 Peurbach
732 1085 778 1157 ad
810 1083 965 1159 Austriae'

97 1184 332 1276 Bavariaeque
376 1179 533 1255 confinia
565 1181 630 1256 fito
662 1185 699 1256 in
715 1183 862 1258 'lucem
882 1184 961 1257 edi·

99 1302 173 1357 tus.
223 1274 558 1355 Neceffitudinem
583 1280 646 1355 hie
671 1304 843 1382 magnam
868 1305 958 1355 con·

99 1381 212 1455 traxit
250 1401 336 1452 curn
373 1375 520 1452 summis
561 1378 599 1452 in
630 1378 817 1456 literatura
856 1381 958 1457 Viris

97 1482 251 1563 Romae,
278 1478 472 1566 Ferraria,
496 1478 672 1565 Viennae,
697 1475 885 1565 Bononiae,
911 1503 957 1554 ac

13 1638 16 1643 ,
97 1576 260 1663 Patavii,
286 1577 415 1652 iisdem
450 1577 488 1650 iu
513 1575 604 1653 locis
627 1579 742 1652 tribus
766 1578 956 1678 postremis

95 1676 364 1756 Astronomiam
386 1674 532 1849 fublice
555 1675 756 1776 professum
788 1677 827 1751 δε
852 1673 966 1753 lucu}

96 1774 326 1851 brationibus
361 1777 525 1871 purimis
561 1772 853 1875 docrisfimisque·
876 1800 953 1852 om·

94 1898 182 1952 nem
207 1871 283 1948 fere
308 1872 488 1949 Mathesm
510 1871 709 1951 illustravit
789 1875 955 1974 Discipu-

94 1973 175 2048 lum
202 1970 328 2047 nudius
353 1972 404 2046 est
428 1970 599 2074 Magistro
625 1996 700 2064 non
722 1972 951 2063 inferiorem,

93 2073 273 2170 Joannem
300 2072 513 2161 Mulierum,
527 2073 876 2172 Regiomontanum,
891 2072 952 2148 seu

94 2173 141 2245 de
166 2174 297 2247 Monte
324 2172 460 2268 Regio,
488 2172 592 2264 euius
617 2170 715 2247 fama
732 2173 848 2247 Princi
875 2192 952 2259 um,

92 2273 239 2370 Regum
282 2270 326 2347 ic
365 2266 584 2341 Pontificum
626 2270 726 2341 aulas
770 2198 952 2367 impfevit.

88 2367 236 2446 Primus
258 2367 562 2443 concinnavit-ac
586 2362 721 2463 publici
745 2366 834 2456 juris
861 2366 952 2445 fecit

37 2552 62 2563 ..
93 2467 345 2569 ephemerides
370 2461 640 2541 Astronomicas
666 2464 767 2535 annis
792 2484 850 2557 30.
878 2464 948 2540 suf-

9 2579 12 2583 ’
91 2565 249 2643 frituras
263 2612 278 2653 ‚
292 2565 435 2661 quibus
460 2561 544 2643 loca
567 2560 823 2660 planetarum,
851 2563 949 2664 aspe.

91 2664 203 2753 dius,
235 2663 447 2743 latitudines
472 2684 515 2737 ac
539 2660 686 2760 eclipses
709 2663 949 2754 indicantum

89 2785 228 2864 opusa
254 2760 405 2841 literatis
431 2781 507 2839 tam
530 2761 638 2835 avide
664 2781 882 2861 exceptum,
902 2783 949 2837 ut

89 2862 229 2960 singula
251 2860 472 2960 exemplaria
498 2862 693 2939 duodecim
718 2862 848 2947 aureis,
871 2885 944 2935 ma·

89 2962 190 3043 ximo
216 2980 298 3049 tum¹
323 2960 499 3058 temporis
524 2961 662 3055 pretio,
687 2963 944 3035 venderentur.

91 3065 221 3156 Qum
241 3083 331 3135 vero
356 3058 553 3132 Duumviri
579 3060 618 3131 hi
643 3059 795 3133 Mathesr
815 3057 945 3135 instau-

87 3160 210 3243 randae
232 3182 381 3259 upemm
407 3176 608 3248 naverunt,
633 3158 853 3237 insurrexere
872 3156 942 3275 alii3

877 3280 944 3357 qur
