2086 3682
152 178 209 246 20·
464 149 694 269 ‚capatlr

151 322 277 415 Atque
302 313 381 387 haec
410 309 524 391 altera
543 299 797 388 Mathematici
820 311 924 389 studii
944 335 1007 414 pe·

151 418 278 523 clodus
299 409 372 499 est,
396 434 530 513 nempe
549 414 647 512 apud
661 413 876 513 AEgyptios.
978 494 980 499 p

249 714 415 790 Tertiam
443 737 489 789 ac
508 713 722 788 certiorem·
746 712 807 787 fibi
835 706 1010 791 vendicat

152 815 319 898 Graecia,
351 815 389 888 in
432 836 543 912 quam
579 814 717 912 primus
754 813 1012 895 Geometriam

150 913 277 988 intulit
293 911 427 986 Thales
445 909 604 986 Milesius
621 935 722 986 anno
748 912 876 997 mundi
897 934 1008 1007 3400.

152 1031 238 1087 ante
274 1010 463 1087 Christum
511 1030 638 1085 natum
680 1019 773 1102 560.
817 1014 933 1099 redux
961 1034 1009 1087 ex

95 1167 98 1171 «
150 1113 341 1210 AEgyptO,
360 1109 427 1203 ‚ubi
451 1107 650 1184 studiorum
671 1108 795 1186 ‘caussa
831 1108 1008 1211 aliquant.

141 1211 216 1293 ,diu
234 1210 486 1309 peregrinatus
510 1206 569 1281 est.
634 1208 707 1283 Hic
720 1256 733 1295 ‚
766 1228 811 1282 ut
835 1211 888 1283 ait
908 1208 1034 1309 Apu?

151 1307 244 1404 lejus
275 1307 349 1405 (p)
385 1329 431 1381 ex
463 1303 600 1402 septem
632 1303 703 1378 illis
730 1302 901 1404 sapientia
931 1331 1041 1409 meg

149 1408 302 1481 moratis
315 1406 414 1480 Viris
439 1403 545 1478 lacile
596 1404 773 1499 taecipuus
795 1414 884 1478 erat.
909 1408 1039 1482 Nam·

152 1504 377 1581 Geometriae
410 1525 522 1603 penes
588 1523 699 1576 raecos
724 1503 860 1600 primus
887 1527 1008 1603 reper-

152 1624 212 1680 tor
233 1602 320 1692 fuit,
345 1602 384 1677 ἀ
406 1620 545 1677 naturae
569 1624 692 1674 rerum
716 1598 931 1676 certiffimus
945 1627 1007 1678 ex·

113 1731 127 1761 ·-
150 1703 342 1803 plorator,
377 1698 615 1776 &astrorum
651 1695 881 1799 peritissimus
918 1726 1003 1782 con·

89 1802 91 1815 ¹
134 1799 364 1900 templator.
444 1799 624 1873 Maximae
656 1821 717 1887 res
748 1801 869 1899 parvis
901 1799 1006 1876 lineis

132 1899 289 1999 :reperit
306 1904 561 1996 :temporum
588 1897 774 1986 ambitus,
807 1918 1005 1974 ventorum

38 2005 49 2043 ¹
151 1995 281 2085 flatus,
306 1993 487 2080 stellarum
512 2015 687 2083 meatus,
724 1997 930 2070 tonitruum
953 1997 1031 2074 s0·'

149 2120 247 2173 nora
268 2094 471 2184 miracula,
498 2093 650 2170 fiderum
673 2093 821 2193 obliqua
846 2097 1006 2174 curticu-

151 2193 189 2272 la
208 2223 234 2271 a>
254 2196 352 2271 idem
384 2192 478 2267 lunae
512 2193 573 2270 vel
597 2193 775 2268 nascentis
805 2195 1034 2279 merentem,

4 2365 6 2370 ,
54 2324 58 2333 ’
153 2314 219 2384 ta,
253 2290 315 2369 vel
340 2289 552 2365 senescentis
578 2291 785 2389 dispendia,
811 2291 872 2366 vel
892 2290 1030 2369 delini

56 2453 57 2457 ,
182 2393 302 2467 uentis
330 2386 546 2464 obstacula:
580 2389 678 2463 idem
708 2388 791 2465 sane
821 2390 895 2487 jam
921 2416 1005 2490 pto·

13 2503 17 2511 ’
153 2417 239 2565 {ilai
277 2508 385 2565 aetate
415 2488 585 2573 'divinam
618 2489 803 2578 rationem
841 2492 889 2564 de
918 2491 1004 2567 Sole

137 2587 424 2664 commentatus
447 2583 508 2661 est.
539 2624 542 2629 ·
568 2587 700 2675 ¹Fertur
724 2587 773 2667 ob
799 2588 909 2662 adseri
938 2592 1005 2665 rio·
1031 2598 1042 2639 ·'

154 2709 239 2762 nem
278 2683 451 2784 trianguli
487 2685 681 2760 &circuli
718 2705 823 2765 tanta
854 2614 1036 2784 geilime-

152 2784 344 2875 laetitia‚ut
366 2785 500 2858 bovem
518 2785 596 2858 Diis
610 2783 866 2859 immolaverit.
890 2786 1006 2880 'Tha-

153 2883 234 2959 lesi
260 2886 332 2958 itur
349 2884 488 2983 primus
511 2883 682 2958 Matheli's
695 2880 833 2957 Douor
849 2885 1003 2960 ira-Grae·

153 2985 211 3059 cia
275 2986 332 3058 it:
374 2983 443 3057 hos
457 2983 566 3074 enim
588 3004 674 3080 ’prae
700 2984 837 3056 caeteris
859 2983 1005 3062 historia

14 3096 24 3129 s
154 3080 274 3167 nostra
299 3077 492 3182 complesti
516 3077 660 3157 animus
684 3077 747 3155 est.
807 3079 909 3168 Alter
936 3085 1005 3183 Py·

136 3176 139 3189 '
581 3202 584 3207 ’
626 3190 641 3197 “’
755 3266 758 3270 ,
877 3182 1005 3284 thago-

52 3300 63 3309 «
232 3274 299 3361 (ρ)
327 3270 528 3352 raumara.
551 3224 596 3371 ’
