2086 3682
334 157 474 250 Critiae
492 152 663 301 llledicu
784 238 791 269 .‚
858 187 973 278 237,

98 341 179 397 cam
204 319 250 394 ad
275 320 442 396 minimas
466 320 578 422 usque
596 319 738 407 fibras,
768 320 950 410 venulas,
1008 322 1040 421 j

96 414 256 507 officula,
275 421 481 520 horumque
503 421 667 496 omnium
691 424 946 497 oeconomiam
968 420 971 425 ’

84 518 137 592 ’δι
161 520 415 599 harmoniam:
453 515 672 620 perspedlam
704 518 839 594 habere
865 542 945 618 par·

96 618 192 692 tium
230 615 421 693 solidarum
463 618 501 693 ,dr
534 615 726 692 fluidarum
758 616 945 706 indolem,

97 712 377 816 affedllonesque
415 738 460 791 ac
496 713 732 792 fundionesa
771 721 947 797 memoria
1018 754 1025 773 «

61 879 65 886 .
97 813 288 914 compledli
315 816 525 892 morborum
540 836 649 891 omne
673 837 802 917 genus,
818 840 948 892 eorum

96 913 248 1003 radices,
263 913 428 1003 effecius,
451 912 714 1014 symptomatar
739 912 947 1005 herbarum,

86 1010 284 1110 stirpium,
320 1013 526 1112 liquorum,
557 1008 753 1100 fossilium,
788 1015 949 1089 animan·

98 1112 190 1185 tium
217 1113 313 1186 vires
339 1136 383 1187 ac
401 1113 561 1189 'virtutes
597 1111 656 1187 seu
683 1111 947 1214 fimplicesleu

96 1210 231 1293 mixtas
256 1209 411 1287 callere:
443 1202 751 1311 pharmacorum,
776 1210 948 1313 ¹unguen·

97 1325 235 1399 torum,
284 1310 525 1409 otionumque
548 1312 770 1385 medicatum
794 1330 870 1384 tam
892 1311 967 1399 di,

96 1404 217 1484 versas
256 1334 393 1497 lbrtes,
429 1428 722 1509 temperaturas,
742 1416 745 1423 “
762 1406 945 1485 mensurae

97 1529 189 1606 quas
203 1498 305 1601 ¹dostu
325 1526 488 1596 vocant,
524 1509 729 1605 harumque
747 1522 882 1582 'rerum
907 1508 948 1583 dr

97 1604 403 1681 conficiendarum
429 1604 556 1695 crafin,
590 1607 628 1681 δι
654 1607 950 1708 applicandorum
989 1649 993 1654 ·

94 1705 315 1780 methodum
351 1706 389 1780 δι
428 1706 592 1780 ordinem
630 1707 758 1780 intime
785 1706 947 1805 exploraf

80 1822 179 1878 ,tom
195 1804 356 1887 'haberer
383 1824 493 1904 atque
517 1808 595 1879 haec
620 1806 742 1885 omnia
766 1805 852 1880 scire
875 1807 946 1891 ita',

96 1923 142 1977 ut
165 1907 418 2000 non-primum
444 1903 732 2000 disceredebeat
759 1905 945 1989 Medicus,
965 1896 968 1917 ¹

96 2001 162 2077 ubi
194 2023 322 2075 manus
355 2000 584 2073 admovenda
613 1984 690 2072 est:
734 2000 855 2074 Deum
881 2004 947 2075 im·

66 2189 69 2193 ,
96 2099 315 2177 mortalem!
343 2118 501 2199 quantus
524 2099 584 2170 hic
606 2121 789 2197 quamque
803 2098 946 2199 amplus

98 2198 298 2293 studiorum
320 2198 559 2295 laborumque
585 2201 759 2296 campus?
799 2199 946 2298 Duplex

100 2299 184 2372 heic
198 2298 406 2399 grandeque
420 2295 622 2397 periculum
636 2295 871 2395 ‚committere
884 2322 951 2398 po·

101 2395 190 2484 tell,
224 2398 387 2496 quisquis
419 2413 537 2484 artem
568 2396 664 2468 hanc
688 2390 900 2493 profitetur,
926 2395 971 2503 (1

99 2493 163 2571 vel
188 2518 261 2570 non
286 2495 398 2594 probe
431 2495 502 2569 hac
539 2491 684 2568 scientia
712 2493 864 2592 ejusque
888 2496 948 2568 ad·
1023 2568 1027 2580 ,

100 2592 283 2669 m-iniculis
313 2591 503 2669 instrustus
535 2591 702 2667 velutin
728 2593 842 2665 aciem
868 2614 950 2690 pro·

102 2693 212 2780 dear,
245 2692 283 2766 dr
315 2692 360 2766 ad
384 2694 510 2792 praxin
534 2689 568 2765 se
591 2688 813 2777 transferat,¹
841 2688 901 2764 vel
925 2689 950 2763 fr

86 2790 291 2893 postquam
323 2792 411 2864 huic
439 2789 508 2864 sese
540 2788 706 2877 indulso,
739 2787 838 2887 quasi
868 2810 950 2862 mu·

87 2905 190 2965 nere
221 2889 282 2964 suo
337 2890 417 2963 lene
449 2885 659 2989 perfundus
688 2887 861 2962 librorum
897 2886 950 2964 le·

103 2986 278 3063 dlioni'ac
307 2913 419 3062 ludio
446 2989 590 3087 privato
617 2985 805 3064 valedicat.
863 2988 950 3063 Non

103 3090 288 3176 omittam,
302 3088 373 3181 hoc
394 3087 429 3161 io
441 3086 524 3161 loco
549 3085 681 3163 referre
704 3082 952 3187 graviffimum

102 3187 285 3269 Ludovici
307 3186 423 3265 Vives
447 3186 558 3262 dere
582 3183 646 3265 ista
665 3187 867 3281 iudicium,
894 3182 956 3258 seu

890 3305 958 3382 po·
