2086 3682
266 145 321 236 Η
320 146 451 262 istoria
473 147 667 265 Motieſss.
854 178 912 267 43

60 334 216 398 earum,
251 313 350 389 unde
394 315 512 390 omnis
553 316 768 393 eruditionis
806 313 915 399 fons,

57 410 247 486 literarum
291 411 561 515 palingeuefia‚
601 437 683 514 quae
723 413 914 491 Ernaoueii

58 509 296 610 chrysoroas
329 514 462 586 merito
497 513 720 591 adscribitur.
792 516 913 589 Patria

57 610 143 685 huic
169 608 519 710 Constantinopolis,
544 616 644 690 unde
671 636 807 719 gtaecas
831 612 915 688 lite·

57 731 110 785 trs
135 708 247 785 velut
270 708 533 810 pretiofissimas
563 737 707 799 merces
736 715 774 787 in
799 715 916 787 Euro·

57 832 139 905 pom
162 810 325 897 invexit,
350 813 563 911 primusque
586 813 667 888 ilias
692 812 819 886 multis
838 812 913 905 iam

58 906 184 984 seculis
220 910 483 986 intermortuos
512 914 681 988 Veneriis
710 913 748 987 ἃ
771 912 916 986 Floren-

59 1009 112 1082 tiae
140 1005 264 1109 palam
289 1008 465 1110 professus
495 1010 548 1085 est
581 1011 644 1085 sub
667 1010 777 1084 finem
804 1007 914 1083 seculi

58 1106 159 1183 XiV.
188 1126 270 1181 tum
296 1105 416 1182 cretio
440 1109 594 1208 publicis
617 1109 824 1193 sumtibus,
851 1104 914 1181 vei

56 1205 204 1303 pristino
230 1205 410 1307 splendori
435 1206 601 1284 restituta
626 1206 836 1308 Gymnafia‚
845 1206 916 1305 Ly·
1000 1234 1003 1241 ·

58 1328 119 1381 tea
140 1326 170 1395 ,’
201 1306 240 1380 &
267 1309 497 1397 Academiae,
536 1307 742 1385 constitutis
777 1307 916 1405 ubique

76 1404 249 1485 raeciuris¹
270 1404 470 1484 liberalium
500 1408 769 1508 disciplinatum
796 1406 914 1505 Magi·

95 1506 160 1595 is,
197 1528 355 1607 quorum
388 1505 512 1607 postea
545 1532 620 1584 non
653 1509 805 1582 minima
829 1526 916 1606 pare

56 1603 206 1680 Alumni
233 1607 426 1682 Societatis
456 1606 571 1705 JEsu,
601 1628 681 1707 quae
711 1634 733 1681 a
761 1608 917 1683 Parente

57 1701 117 1781 suo
143 1707 195 1779 D.
223 1706 365 1805 Ignatio
390 1725 466 1781 tam
500 1708 547 1781 ad
570 1728 695 1781 moret
718 1706 924 1795 hominum.

58 1827 100 1878 eo
134 1803 333 1905 praesertim
372 1828 452 1881 aevo
483 1806 683 1881 admodum
720 1810 922 1904 corruptor

55 1926 121 2077 Ero
144 1902 243 1979 virili
266 1906 528 1994 emendandos,
552 1928 664 2005 quam
689 1906 736 1981 ad
759 1901 916 2003 collapsa

69 2007 244 2078 'terarum
268 2002 383 2076 studia
407 2005 608 2104 integritati
634 2004 703 2078 suae
724 2003 914 2079 restituen-

54 2104 99 2177 da
118 2104 454 2202 promouendaque·
466 2102 633 2201 singulari
643 2102 816 2174 Numinis
832 2122 916 2200 pro·

55 2202 222 2278 videntia
244 2203 419 2289 condita,
445 2202 484 2274 ὅ(
508 2200 672 2275 unanimi
697 2197 774 2273 fere
799 2200 916 2275 totius

54 2302 209 2402 Europae
227 2298 432 2378 Catholicae
455 2297 628 2375 musteusu
653 2299 742 2376 huic
764 2298 916 2397 negotio

56 2400 286 2477 conficiendo
317 2401 480 2477 adhibita
507 2399 588 2473 fuit.
656 2400 828 2498 Denique
855 2418 914 2471 ars

54 2501 371 2603 Typographica‚
405 2522 487 2599 quae
518 2500 638 2599 priore
673 2497 792 2574 seculo
816 2496 914 2573 iutra

55 2624 169 2675 annos
189 2597 502 2700 quadragesimum
518 2600 557 2673 δι
573 2596 912 2699 quinquagesimum

56 2699 116 2779 vel
143 2701 351 2799 Mogontiae
375 2697 435 2775 vel
459 2701 695 2798 Argentorari
719 2696 837 2774 fueret
859 2698 910 2768 in·

55 2819 192 2886 venta,
217 2798 323 2892 cujus
346 2797 569 2875 adminiculo
595 2796 760 2901 plurimis
783 2793 912 2871 uouis-

56 2896 149 2973 firnis
182 2898 282 2972 libris
320 2898 357 2973 in
382 2897 503 2973 lucem
535 2897 643 2971 editis
673 2898 712 2975 &
736 2917 847 2973 vetus
873 2895 912 2971 &

55 3020 155 3074 nova
178 2997 338 3072 eruditio
363 2998 475 3073 breve
504 2997 601 3071 intra
625 3016 773 3095 tempus
797 2996 912 3069 maxi·

57 3119 156 3174 mum
185 3097 285 3196 cepit
309 3096 587 3170 incrementum.
664 3094 740 3167 Prae
763 3091 913 3191 reliquis
975 3178 981 3185 ,

58 3219 146 3277 vero
180 3193 355 3289 Mathefis
388 3195 485 3273 bisce
517 3193 774 3301 temporibus,
807 3192 912 3371 velud
1022 3294 1025 3299 1

828 3315 857 3407 ,Ρ
