2086 3682
97 148 197 233 302.
419 114 548 234 Caput
588 115 636 206 V
631 112 681 203 Is

95 285 325 355 munimenta
350 279 395 352 ad
419 302 548 354 omnes
572 274 874 353 Architedlonicae
899 278 951 354 κέ

97 380 203 480 gulas
234 373 451 456 curatissime
486 374 651 453 confesta
684 379 949 475 imponantur:

96 478 253 553 hostium
279 479 375 551 vires
400 478 641 569 vehementer
677 477 760 549 heic
786 475 952 565 distrahi,

96 602 213 676 quum
239 578 383 650 duobus
410 597 476 650 aut
496 576 611 650 tribus
625 576 844 650 exercitibus
858 598 952 674 opus
971 663 973 666 ¹

94 678 278 761 habeant,
309 674 333 748 si
359 676 459 772 quod
484 673 622 748 netelle
648 672 719 758 est,
758 674 953 771 prohibete

94 775 231 853 velint,
263 797 310 848 ne
341 774 420 849 urbi
444 773 585 847 obseliae
610 793 865 858 commeatus,
900 795 952 847 ar·

93 897 240 947 morum
267 897 311 946 ac
334 871 493 946 militum
520 872 705 971 suppetiae,
732 871 951 960 undelibet,

95 975 270 1046 letantur.
305 1014 308 1019 -
344 972 493 1047 Tertius
532 972 691 1069 denique
723 968 795 1044 loci
838 969 951 1057 fitus,'

94 1094 228 1169 nempe
262 1072 483 1146 munimenti
518 1072 565 1144 ad
605 1069 715 1144 matis
753 1089 818 1143 aut
849 1064 970 1145 fluvii'

96 1167 311 1268 navigabilis
344 1171 561 1268 marginem
602 1170 777 1254 excitati,
810 1170 975 1341 mapgnis·

95 1269 284 1344 extollitur
328 1270 540 1356 encomiis,
593 1292 637 1344 ac
677 1269 809 1343 merito
871 1292 950 1343 ane.

94 1369 245 1466 Quippe
269 1364 401 1440 cunila
426 1369 529 1466 operi
560 1365 748 1453 struendo,
782 1388 852 1440 nec
877 1390 952 1441 non

94 1468 226 1541 alendo
251 1465 409 1565 praefidio
436 1463 628 1540 necessaria
646 1462 822 1540 beneficio
840 1488 950 1564 aqua·

1 1579 2 1586 ’
94 1590 182 1666 τυῐη
214 1565 347 1639 advehi
390 1564 571 1666 poliunt:
609 1565 764 1637 modicis
790 1562 951 1664 expenlis

93 1665 275 1759 ejusmodi
298 1663 403 1738 locus
426 1665 559 1737 muniri
583 1661 721 1760 potest,
755 1662 830 1760 ipso
858 1664 950 1751 mari

95 1784 160 1838 aut
185 1760 299 1837 flutio
322 1785 370 1836 ex
395 1786 468 1837 una
493 1782 597 1862 parte
622 1761 812 1834 ciuitatem
833 1758 949 1837 fortis·
981 1762 984 1769 “

94 1861 170 1935 fimi
211 1859 319 1935 instar
350 1858 437 1934 valli
475 1859 721 1944 defendente,
757 1883 805 1934 ex
837 1859 950 1939 altera

17 1972 21 1979 '
94 1984 186 2033 vero
212 1960 257 2033 ad
283 1958 383 2057 leges
407 1954 721 2034 Architedlonicat
747 1961 834 2059 quin
851 1983 952 2034 com·

93 2079 267 2159 ponatur,
276 2057 364 2130 nihil
378 2056 564 2134 obstante:
590 2050 821 2132 auxiliaribus
836 2059 949 2165 copiis

95 2158 211 2232 facilis
240 2176 343 2255 patet
368 2158 514 2231 aditus:
550 2156 656 2256 gleba
690 2159 727 2230 in
749 2177 948 2256 promptu,

95 2280 169 2356 qua
200 2254 222 2327 st
256 2254 354 2351 quod
378 2256 511 2330 vitium
535 2257 719 2352 patiantur
743 2279 964 2357 propugna-v

94 2352 197 2440 cula,
222 2351 359 2429 restitui
383 2375 520 2454 queant
544 2351 690 2452 pristino
715 2356 858 2429 robori:
887 2357 949 2430 ab·

93 2454 210 2527 undat
240 2475 362 2549 aqua,
397 2456 450 2529 ita
480 2471 524 2526 ut
548 2452 658 2524 etiam
690 2475 793 2552 aquae
818 2451 950 2529 dudius

93 2549 224 2631 confici
249 2547 382 2650 pollint
404 2552 449 2627 ad
472 2550 720 2625 inundandam
747 2572 865 2626 totam
880 2553 951 2627 cir·

92 2676 177 2726 cum
203 2652 391 2749 regionem
416 2650 596 2733 vicinam,
622 2673 694 2748 qua
719 2674 759 2724 re
784 2650 844 2724 vel
869 2674 948 2727 ma·

90 2753 189 2826 xime
213 2751 448 2834 retardatur,
485 2771 529 2822 ac
549 2746 653 2848 ‘saepe
677 2750 826 2824 omnino
851 2746 949 2826 diffi-

118 2871 200 2925 atur
228 2846 387 2923 hostium
418 2842 522 2924 labor
552 2849 672 2922 omnis
708 2849 746 2922 dr
778 2869 946 2925 conatus.

89 2875 144 3026 Bt
176 2967 302 3029 autem
339 2967 573 3047 expugnetur
613 2947 792 3042 ejusmodi
826 2950 947 3024 muni·

86 3042 286 3131 mentum,
328 3067 423 3143 opus
456 3045 507 3123 est
532 3049 696 3123 exercitu
722 3043 838 3122 hostili
863 3047 947 3123 saue

88 3139 327 3248 copiostllitno
352 3145 485 3247 partim
526 3146 570 3221 ad
601 3146 680 3225 vias
711 3168 840 3223 ornnes
870 3147 953 3221 adi·-

158 3284 178 3297 ··
270 3275 274 3281 ⁴
867 3265 945 3323 tua·
