2086 3682
336 137 594 254 Astronomr'tr.
834 168 919 257 353
975 146 980 151 ’

64 324 191 382 autem
219 304 295 381 hoe
320 307 358 381 in
374 302 570 405 systemate
588 321 735 382 cornera
763 304 920 382 aliorum

64 405 221 481 fiderum
239 403 302 481 vel
326 406 509 481 contraria
525 404 585 479 vel
604 404 768 504 priorum
784 404 920 481 sublate

63 503 264 605 tingendi.
313 506 484 580 Donatus
515 503 649 579 Rolleti
666 505 814 580 Livorni
836 528 917 603 pro·

63 602 186 705 posuit
206 604 391 679 cometam
405 608 506 679 'anno
535 612 662 691 1680.
685 604 723 678 &
754 615 821 689 81.
849 602 919 677 ful·

63 722 235 803 gentem,
264 720 346 777 tum
368 701 682 785 observationibus
719 701 809 791 suis,
837 722 919 777 turn

62 803 391 977 phrenomeoorum
419 799 583 881 distintis
609 799 853 903 explicatione
877 800 920 875 ri·

77 898 291 976 nstratunrr
357 924 405 981 rae
436 902 587 1003 reliquis
616 904 655 976 in
687 921 919 976 cometarum

61 1018 235 1075 naturam
260 998 313 1074 stu
341 1000 447 1081 iostus
477 1001 649 1101 indagare
673 1001 789 1097 coepit
836 1022 920 1075 aco·
973 1020 976 1025 ·

64 1098 133 1173 bus
163 1097 652 1190 Bernoullius,Bafileens1s.
717 1099 792 1173 Hic
817 1100 923 1199 supra

60 1194 176 1277 solem
215 1197 254 1273 &
290 1197 395 1298 supra
424 1198 589 1299 planetas
616 1199 786 1297 cognitos
816 1197 924 1297 ponit

61 1298 243 1372 verticem
262 1298 300 1372 &
318 1297 525 1399 epyticlum
545 1318 788 1385 cometarum,
798 1296 836 1377 in
856 1318 917 1371 cu·

61 1397 124 1492 jus
142 1395 450 1474 orbibus‘uiversa
475 1398 525 1474 nd
546 1396 753 1499 eclipticam
772 1395 919 1472 inclinu-

62 1494 167 1570 tione
195 1515 351 1573 cometae
379 1496 650 1587 revolvuntur,
680 1495 797 1597 ipsum
826 1518 918 1570 vero
951 1588 954 1593 ¹

62 1595 214 1671 verticis
227 1615 396 1675 centrum
417 1597 513 1672 circa
530 1594 642 1671 lolem
665 1612 921 1694 promovetur.

63 1695 248 1791 Quamvis
286 1714 410 1771 autem
450 1692 608 1771 tutioris
649 1694 838 1796 ingenium
873 1694 921 1767 ab

63 1792 234 1883 omnibus
268 1796 400 1870 merito
429 1792 628 1899 laudetur,
664 1793 842 1895 presagiis
864 1814 918 1870 ta·

63 1914 152 1965 men
172 1894 218 1969 de
235 1895 356 1971 reditu
378 1915 605 1969 cometarum
624 1914 727 1970 certo
748 1915 920 1994 tempore

63 2008 222 2069 eventus
248 2014 483 2090 nequaquam
517 1991 712 2089 respondit.
790 1994 919 2087 Qrare

90 2088 216 2177 ‚ostem
248 2089 352 2167 labor
397 2089 461 2165 hic
498 2087 741 2165 exantlandus
778 2090 920 2165 mcum

86 2208 141 2265 ιι·

123 2386 227 2465 ·Λ1ἰίε
260 2388 480 2489 quibusdam
511 2385 765 2489 pulcherrimis
790 2387 922 2465 invto-³

55 2487 112 2564 'tis
130 2487 335 2589 inclaruere
368 2486 505 2563 ultimis
535 2485 632 2563 hisce
661 2488 918 2589 temporibus:

63 2588 103 2663 in
122 2588 243 2664 Danla
254 2585 374 2664 Olrus
393 2588 599 2669 Roemerus,
618 2584 838 2676 Hafnienfis,
855 2588 919 2687 qui

65 2708 163 2763 tono
199 2694 330 2782 1678.
371 2685 506 2763 Parifiis
538 2686 743 2763 machinam
776 2688 920 2761 invenit

66 2787 161 2862 tanti
186 2785 258 2861 viri
282 2786 429 2883 dignam
456 2785 624 2885 ingenio,
649 2806 722 2883 qua
742 2784 846 2882 Jovis
869 2782 919 2861 sud

65 2882 201 2961 tellites
217 2892 383 2985 rotarum
404 2884 738 2983 tympanorumque
759 2882 798 2957 vi
818 2883 920 2959 intur

65 3001 199 3083 agente
225 2982 280 3059 it'u
306 2978 512 3079 conspectui
542 2980 737 3070 fissuntut,
764 3001 809 3053 ut
844 3000 921 3057 non

65 3078 180 3156 solum
199 3082 323 3156 varius
337 3078 481 3156 illorum
502 3078 541 3155 δι
560 3100 726 3164 mutuus,
755 3100 868 3178 quem
884 3080 924 3155 ln

67 3180 170 3261 stelit
188 3180 380 3271 obtinent,
402 3176 487 3255 litus
508 3181 646 3277 quovis
675 3196 919 3351 temporecso

797 3299 871 3383 gno
886 3298 923 3354 cr
