2086 3682
85 160 180 246 19⁰
283 123 414 245 Caput
447 122 542 215 VII.
566 120 809 244 Adjumrulu

94 297 185 369 dum
212 289 331 367 sordes
356 292 603 386 humoresque
617 286 798 388 malignos
813 291 950 376 avehit,

93 390 198 469 ‘hunul
229 392 342 465 etiam
381 385 506 461 succos
536 390 583 461 ad
614 385 784 462 alendum
821 412 952 490 corpus

93 486 313 569 necellarios
349 486 409 562 vel
444 505 625 567 evacuat,
648 484 717 560 .vel
751 509 899 561 cottum
926 490 952 563 it

88 612 173 677 ‘non
186 587 271 665 dine
289 586 400 687 ¹gravi
426 586 560 661 virium
583 582 730 678 iadiura.
787 515 952 663 Profelo

98 692 190 769 dum
229 708 295 785 per
328 684 597 759 medicamenta
630 682 772 759 sanitati
805 685 950 761 consuli·

89 810 173 874 tur,
188 784 328 884 semper
351 781 469 880 aliqua
495 782 660 876 eiusdem·
684 785 955 958 particulaper·

99 887 221 961 ditur..
286 883 611 979 Quemadmodum
643 885 740 968 enim
767 906 952 959 maenae

36 1018 41 1031 ·
99 983 201 1061 veste
226 1002 291 1059 aut
313 982 440 1056 charta
461 1004 536 1054 non
561 980 709 1068 eluitur,
729 1004 798 1057 nec
817 1007 954 1084 pannus

91 1085 229 1159 :erebro
253 1080 401 1155 lavatur
431 1104 452 1153 a
481 1077 665 1168 sordibus,
696 1080 786 1180 quin
814 1082 955 1158 macula

90 1181 294 1280 -velligium
320 1179 478 1278 aliquod
508 1178 587 1281 'post
616 1177 651 1257 se
679 1181 886 1281 relinquat,
918 1182 956 1256 dr

100 1281 226 1367 vestis,
250 1282 379 1354 charta'
399 1277 460 1354 vel
486 1302 628 1377 pannus
652 1299 859 1356 atterantur
881 1305 955 1382 pet·

99 1380 570 1479 tundanturque‚quamvis
586 1380 774 1457 nitidiores
787 1379 890 1465 fiant,
905 1384 955 1455 ita

99 1475 958 1579 etiamcorpusfrequentiorimedicamentorum

98 1580 344 1699 purgantium
367 1575 453 1663 usu„
471 1577 559 1652 licet
581 1578 627 1652 ad
652 1599 798 1678 tempus
810 1581 957 1678 aliquod

99 1700 272 1779 juvetur,
309 1676 430 1753 senhm
456 1694 580 1750 tamen
605 1675 804 1753 exsiccatur
818 1725 830 1765 ,
862 1698 958 1753 atte-

98 1800 255 1864 nuatur,
277 1775 499 1859 debilitatur,
523 1774 574 1848 ita
601 1795 646 1849 ut
669 1776 891 1877 quandoque
907 1779 959 1851 vi·

93 1874 251 1951 ‚scerum
271 1894 394 1960 tonus,
419 1888 529 1973 quem
557 1882 697 1951 vocant
719 1877 868 1958 Medici,
886 1876 959 1977 ple·

101 2000 150 2051 ne
180 1972 438 2076 pessumdetur.
500 1972 678 2048 Alterum
709 1976 961 2052 obseruatione

105 2078 257 2170 dignum
279 2072 342 2158 est,
368 2071 463 2146 male
486 2072 607 2145 robori
633 2078 795 2172 corporis
816 2075 853 2150 δι
870 2098 960 2150 tem·

104 2173 309 2278 peramemi
334 2169 510 2246 beneficio
537 2169 720 2249 confidere
752 2173 862 2260 illos,
900 2174 960 2275 qui

106 2274 273 2375 quotidie
298 2269 397 2345 laute
422 2272 581 2358 vivunt,
609 2295 721 2361 neca
745 2272 867 2347 mensa
893 2276 961 2347 sur·

91 2393 202 2476 ·gunt
226 2369 286 2445 nist
312 2370 404 2444 bene
430 2367 517 2469 pasti
533 2373 702 2472 potique:
730 2373 871 2448 interea
890 2372 961 2448 vel·

107 2471 227 2547 ursui
255 2469 366 2545 securi
390 2468 581 2568 negligunt
614 2493 687 2545 una
710 2469 875 2547 alterave
902 2495 962 2573 per

77 2656 80 2663 ,
109 2593 247 2649 aunum
273 2568 353 2642 vice
374 2566 517 2666 sumpto
540 2570 809 2646 medicamento
830 2593 962 2670 corpus

92 2665 301 2749 evacuare.
349 2667 400 2742 Hi
425 2665 552 2742 similer
576 2665 659 2743 sunt
680 2672 778 2752 navi,
803 2671 839 2745 in
861 2672 963 2764 cujus

108 2771 284 2848 sentinam
312 2765 450 2867 semper
474 2770 596 2868 piures
634 2769 671 2844 δι
699 2771 820 2868 plures
848 2770 964 2844 sordes

112 2866 318 2957 conlluuut,
344 2866 432 2941 nihil
454 2888 581 2942 aurem
606 2870 829 2944 exhauritur.
867 2865 964 2967 Qid

110 2966 297 3069 superest,
341 2965 408 3040 nisi
434 2987 478 3039 ut
515 2966 707 3067 improvise
746 2968 964 3066 mergatur?

114 3071 283 3144 Tertium
307 3067 482 3163 denique,
508 3065 644 3142 solicite
668 3069 897 3147 cavendum,
924 3086 963 3139 ne

110 3167 269 3248 fortiora
292 3166 489 3266 pharmaca
512 3165 752 3243 adhibeantur
773 3170 821 3243 ad
837 3186 963 3266 corpus

106 3310 111 3321 ·
187 3292 191 3297 ·
888 3289 964 3343 eva·
