2086 3682
30 142 33 147 ’
139 118 203 235 ,96
373 114 500 271 Cupur
528 115 607 206 IV.
637 111 803 229 fabrica

144 285 183 357 in
208 279 418 379 sauguinem
442 281 670 357 uertendas?
702 302 814 383 quarn
847 300 1009 357 enorme<

143 381 283 457 evadet
322 377 409 479 post·
438 378 581 479 aliquot
617 379 694 454 dies
735 398 795 455 tot
821 375 998 494 librarum

145 478 303 581 pondus,
326 502 442 579 quum
464 479 577 575 humo
601 478 714 553 etiam
738 500 900 553 maxume
925 500 998 553 car·

143 575 256 655 nolus
278 577 317 652 δι
340 574 486 653 Craffus
505 576 716 677 pulvinaria
725 572 851 695 secum
864 576 997 681 gustum

148 677 212 752 vix
242 698 316 751 200
347 674 458 751 libras
482 677 694 775 ponderet?
726 698 738 750 1
765 677 841 751 itur
871 696 996 775 patet,

145 774 293 853 easdem
318 771 498 877 sanguini}
522 794 649 875 guttas
681 698 868 874 cycioseos
891 793 994 849 mutu

143 874 309 971 repetitis
334 873 477 949 vicibus
502 870 645 949 infundi
676 895 742 974 pet
770 895 909 953 venum
941 894 996 949 ca·

143 996 259 1059 uum,
290 969 507 1071 refundique
546 996 611 1073 per
636 991 778 1049 aortam
800 992 997 1073 oportere,

143 1094 191 1159 ac
213 1093 260 1145 ex
280 1072 425 1149 ,arteriis
451 1073 490 1147 iu
509 1095 626 1149 venas
652 1071 791 1169 trajici,
818 1093 885 1173 per
909 1093 996 1171 quus

143 1170 194 1245 ud
219 1171 411 1269 antiquum
437 1166 591 1256 sontem,¹
606 1194 737 1271 nempe
755 1192 832 1257 cor,
846 1172 997 1259 redeunt

144 1265 270 1344 denuo
305 1272 340 1341 iu
375 1271 525 1345 arterias
557 1268 863 1345 transfundeudae.
918 1272 998 1345 ‚Ru-

147 1366 241 1441 tioui
276 1364 493 1473 suffragatur
531 1368 765 1469 experientia.
840 1366 997 1468 Qruudo

146 1462 387 1581 phebotornia
416 1465 637 1559 instituitur,
672 1466 822 1547 brachiu
855 1466 997 1549 'viucula

148 1560 362 1661 injiciuntur
382 1562 486 1666 supra
510 1590 611 1656 eum,
631 1567 694 1642 ubi
716 1589 814 1642 vena
837 1569 994 1669 aperien-

148 1662 196 1745 da
222 1662 285 1751 est,
310 1662 448 1753 iocum,
466 1665 510 1753 δι,
528 1688 632 1741 veuae
655 1666 837 1766 incipiunt
860 1666 996 1766 a'bsque

145 1782 252 1837 mora
274 1762 532 1853 intumescere,
556 1789 628 1865 qua
650 1767 712 1841 via
737 1764 840 1839 ducit
855 1766 904 1845 ad
924 1789 995 1841 mu·

143 1881 239 1935 nus:
276 1860 530 1947 detumescere¹
558 1887 677 1951 vero,
719 1888 791 1966 qua
823 1865 994 1941 humeros
1031 1908 1035 1917 -

145 1956 270 2035 versus
296 1962 381 2037 itur.
433 1962 504 2039 Sed
530 1965 627 2047 uude
651 1963 712 2039 hic
734 1960 912 2039 effecius?
935 1956 994 2037 uili

145 2060 249 2157 quod
279 2058 421 2165 sanguis
455 2062 500 2137 ab
534 2064 705 2137 extremis
738 2064 904 2163 partibus
934 2082 993 2163 per

144 2178 261 2234 venas
284 2161 330 2235 ad
355 2163 584 2239 corrediens
611 2158 769 2236 ssstaturi
791 2162 878 2235 hinc
903 2184 993 2237 veru

145 2254 240 2331 iufra
265 2256 424 2357 ligamen
450 2252 648 2360 turgescit3
672 2262 710 2335 in
737 2258 921 2361 superiore
936 2282 992 2335 ve·

146 2348 190 2431 'ro
212 2378 317 2430 venae
344 2375 448 2473 parte
471 2356 613 2459 sanguis
642 2362 711 2435 iter
741 2358 845 2434 'suurn
880 2356 993 2465 perse·

146 2452 272 2571 quitur
309 2454 407 2530 Hruc
423 2480 530 2542 vena,
550 2456 621 2534 alio
637 2456 808 2559 sanguine
824 2461 992 2576 insaequr·

143 2548 170 2628 ir
194 2552 366 2629 mensure
388 2578 465 2630 uon
496 2554 732 2657 succedente,
768 2556 876 2656 lupra
909 2558 931 2633 ir
958 2580 992 2631 a·

142 2674 231 2729 men
252 2652 361 2727 inllur
389 2652 513 2730 veficae
548 2652 672 2732 ern'iffo
704 2678 787 2733 aere
814 2581 990 2733 coneric:

138 2748 242 2869 l'rtpe
272 2742 384 2829 etiam
418 2754 527 2829 enimi
566 2753 768 2854 deliquium
808 2746 991 2854 sequitur}

169 2876 230 2927 ura
253 2851 439 2929 retardato
468 2852 527 2929 san
554 2854 647 2928 uinis
673 2851 778 2929 cursu
803 2855 865 2929 hic
900 2851 991 2955 frigi·

176 2972 219 3024 or
242 2951 383 3039 evadit,
406 2950 445 3026 δι
467 2877 685 3051 poffiirninio
709 2953 748 3027 iu
768 2978 833 3032 cor
853 2955 991 3031 rediens

135 3045 282 3125 insolito
308 3048 397 3143 illud
421 3049 573 3127 horrore
605 3049 770 3151 percellit
783 3099 805 3141 ,.
830 3077 908 3157 quo
935 3046 989 3129 vel

137 3142 202 3259 59ss
230 3144 373 3249 spiritus
393 3146 526 3269 uitales
545 3151 725 3251 correpti.
750 3149 845 3229 dum
866 3154 912 3231 ad
932 3168 989 3323 ppt
1027 3160 1031 3167 ·
