<?xml version="1.0" encoding="UTF-8"?>
<!DOCTYPE html PUBLIC "-//W3C//DTD XHTML 1.0 Transitional//EN"
    "http://www.w3.org/TR/xhtml1/DTD/xhtml1-transitional.dtd">
<html xmlns="http://www.w3.org/1999/xhtml" xml:lang="en" lang="en">
 <head>
  <title>
</title>
<meta http-equiv="Content-Type" content="text/html;charset=utf-8" />
  <meta name='ocr-system' content='tesseract 3.04.00' />
  <meta name='ocr-capabilities' content='ocr_page ocr_carea ocr_par ocr_line ocrx_word'/>
</head>
<body>
  <div class='ocr_page' id='page_1' title='image "./bibliothecadome02manngoog_0184.png"; bbox 0 0 2086 3682; ppageno 0'>
   <div class='ocr_carea' id='block_1_1' title="bbox 357 119 919 243">
    <p class='ocr_par' dir='ltr' id='par_1_1' title="bbox 357 119 919 243">
     <span class='ocr_line' id='line_1_1' title="bbox 357 119 919 243; baseline 0.004 -32"><span class='ocrx_word' id='word_1_1' title='bbox 357 119 618 239; x_wconf 75' lang='lat' dir='ltr'>Gangrophin.</span> <span class='ocrx_word' id='word_1_2' title='bbox 835 152 919 243; x_wconf 86' lang='lat'>147</span> 
     </span>
    </p>
   </div>
   <div class='ocr_carea' id='block_1_2' title="bbox 53 283 1003 3344">
    <p class='ocr_par' dir='ltr' id='par_1_2' title="bbox 53 283 1003 3271">
     <span class='ocr_line' id='line_1_2' title="bbox 58 283 919 369; baseline 0.002 -6"><span class='ocrx_word' id='word_1_3' title='bbox 58 284 218 363; x_wconf 85' lang='lat' dir='ltr'>eundern</span> <span class='ocrx_word' id='word_1_4' title='bbox 232 284 394 360; x_wconf 84' lang='lat' dir='ltr'>Heroem</span> <span class='ocrx_word' id='word_1_5' title='bbox 403 287 649 369; x_wconf 85' lang='lat' dir='ltr'>Christianum</span> <span class='ocrx_word' id='word_1_6' title='bbox 662 283 827 364; x_wconf 87' lang='lat' dir='ltr'>restituta</span> <span class='ocrx_word' id='word_1_7' title='bbox 841 289 919 366; x_wconf 87' lang='lat' dir='ltr'>fue·</span> 
     </span>
     <span class='ocr_line' id='line_1_3' title="bbox 58 382 918 483; baseline 0.003 -21"><span class='ocrx_word' id='word_1_8' title='bbox 58 411 111 462; x_wconf 89' lang='lat' dir='ltr'>re.</span> <span class='ocrx_word' id='word_1_9' title='bbox 176 384 349 482; x_wconf 78' lang='lat' dir='ltr'>Hispania</span> <span class='ocrx_word' id='word_1_10' title='bbox 375 387 505 479; x_wconf 85' lang='lat' dir='ltr'>omnis¹</span> <span class='ocrx_word' id='word_1_11' title='bbox 526 382 678 483; x_wconf 86' lang='lat' dir='ltr'>expulfis</span> <span class='ocrx_word' id='word_1_12' title='bbox 701 387 918 465; x_wconf 87' lang='lat' dir='ltr'>Maurorum</span> 
     </span>
     <span class='ocr_line' id='line_1_4' title="bbox 60 481 1003 585; baseline 0.002 -23"><span class='ocrx_word' id='word_1_13' title='bbox 60 487 387 562; x_wconf 87' lang='lat' dir='ltr'>&amp;Saracenorum</span> <span class='ocrx_word' id='word_1_14' title='bbox 418 481 637 585; x_wconf 73' lang='lat' dir='ltr'>offingentis</span> <span class='ocrx_word' id='word_1_15' title='bbox 663 484 822 560; x_wconf 85' lang='lat' dir='ltr'>millibus</span> <span class='ocrx_word' id='word_1_16' title='bbox 852 484 917 564; x_wconf 87' lang='lat' dir='ltr'>sub</span> <span class='ocrx_word' id='word_1_17' title='bbox 1000 512 1003 521; x_wconf 91' lang='lat'><em>·</em></span> 
     </span>
     <span class='ocr_line' id='line_1_5' title="bbox 57 583 916 685; baseline 0.001 -24"><span class='ocrx_word' id='word_1_18' title='bbox 57 583 286 661; x_wconf 88' lang='lat' dir='ltr'>Ferdinando</span> <span class='ocrx_word' id='word_1_19' title='bbox 318 583 516 658; x_wconf 80' lang='lat' dir='ltr'>Catholico</span> <span class='ocrx_word' id='word_1_20' title='bbox 553 585 590 656; x_wconf 67' lang='lat' dir='ltr'>in*</span> <span class='ocrx_word' id='word_1_21' title='bbox 616 607 726 657; x_wconf 88' lang='lat' dir='ltr'>unam</span> <span class='ocrx_word' id='word_1_22' title='bbox 760 609 916 685; x_wconf 91' lang='lat' dir='ltr'>eamque</span> 
     </span>
     <span class='ocr_line' id='line_1_6' title="bbox 58 677 966 785; baseline 0.002 -25"><span class='ocrx_word' id='word_1_23' title='bbox 58 677 342 785; x_wconf 87' lang='lat' dir='ltr'>potentiffimatn</span> <span class='ocrx_word' id='word_1_24' title='bbox 370 684 623 757; x_wconf 87' lang='lat' dir='ltr'>Monarchiam</span> <span class='ocrx_word' id='word_1_25' title='bbox 650 682 788 757; x_wconf 83' lang='lat' dir='ltr'>coaluit</span> <span class='ocrx_word' id='word_1_26' title='bbox 818 708 915 763; x_wconf 84' lang='lat' dir='ltr'>anno</span> <span class='ocrx_word' id='word_1_27' title='bbox 959 694 966 703; x_wconf 89' lang='grc'><em>“</em></span> 
     </span>
     <span class='ocr_line' id='line_1_7' title="bbox 58 780 916 881; baseline 0.001 -21"><span class='ocrx_word' id='word_1_28' title='bbox 58 785 148 862; x_wconf 87' lang='lat' dir='ltr'>Chr.</span> <span class='ocrx_word' id='word_1_29' title='bbox 167 802 274 871; x_wconf 86' lang='lat'>1492.</span> <span class='ocrx_word' id='word_1_30' title='bbox 326 782 460 881; x_wconf 88' lang='lat' dir='ltr'>Magna</span> <span class='ocrx_word' id='word_1_31' title='bbox 475 780 659 856; x_wconf 74' lang='lat' dir='ltr'>Britannia</span> <span class='ocrx_word' id='word_1_32' title='bbox 679 780 758 873; x_wconf 86' lang='lat' dir='ltr'>post</span> <span class='ocrx_word' id='word_1_33' title='bbox 778 781 916 862; x_wconf 78' lang='lat' dir='ltr'>multat</span> 
     </span>
     <span class='ocr_line' id='line_1_8' title="bbox 58 878 916 983; baseline 0.003 -26"><span class='ocrx_word' id='word_1_34' title='bbox 58 881 195 983; x_wconf 81' lang='lat' dir='ltr'>septem</span> <span class='ocrx_word' id='word_1_35' title='bbox 216 880 441 980; x_wconf 85' lang='lat' dir='ltr'>Regulorurn</span> <span class='ocrx_word' id='word_1_36' title='bbox 457 882 552 955; x_wconf 88' lang='lat' dir='ltr'>inter</span> <span class='ocrx_word' id='word_1_37' title='bbox 574 881 607 953; x_wconf 89' lang='lat' dir='ltr'>se</span> <span class='ocrx_word' id='word_1_38' title='bbox 622 878 814 956; x_wconf 85' lang='lat' dir='ltr'>discordias</span> <span class='ocrx_word' id='word_1_39' title='bbox 835 903 916 960; x_wconf 89' lang='lat' dir='ltr'>tan·</span> 
     </span>
     <span class='ocr_line' id='line_1_9' title="bbox 59 980 942 1080; baseline 0.002 -26"><span class='ocrx_word' id='word_1_40' title='bbox 59 982 143 1056; x_wconf 89' lang='lat' dir='ltr'>dem</span> <span class='ocrx_word' id='word_1_41' title='bbox 156 981 253 1054; x_wconf 87' lang='lat' dir='ltr'>circa</span> <span class='ocrx_word' id='word_1_42' title='bbox 267 992 327 1053; x_wconf 72' lang='lat' dir='ltr'>an·</span> <span class='ocrx_word' id='word_1_43' title='bbox 341 992 424 1065; x_wconf 86' lang='lat'><em>810.</em></span> <span class='ocrx_word' id='word_1_44' title='bbox 448 982 565 1055; x_wconf 89' lang='lat' dir='ltr'>tribus</span> <span class='ocrx_word' id='word_1_45' title='bbox 584 980 744 1077; x_wconf 75' lang='lat' dir='ltr'>Regibus</span> <span class='ocrx_word' id='word_1_46' title='bbox 759 981 914 1080; x_wconf 83' lang='lat' dir='ltr'>Angliae,</span> <span class='ocrx_word' id='word_1_47' title='bbox 939 1024 942 1037; x_wconf 94' lang='lat'><em>·</em></span> 
     </span>
     <span class='ocr_line' id='line_1_10' title="bbox 58 1076 916 1179; baseline 0.001 -23"><span class='ocrx_word' id='word_1_48' title='bbox 58 1080 189 1156; x_wconf 82' lang='lat' dir='ltr'>Scotiae</span> <span class='ocrx_word' id='word_1_49' title='bbox 210 1101 254 1157; x_wconf 84' lang='lat' dir='ltr'>ac</span> <span class='ocrx_word' id='word_1_50' title='bbox 267 1076 463 1177; x_wconf 82' lang='lat' dir='ltr'>Hyberniae</span> <span class='ocrx_word' id='word_1_51' title='bbox 486 1101 612 1179; x_wconf 87' lang='lat' dir='ltr'>parete</span> <span class='ocrx_word' id='word_1_52' title='bbox 629 1080 745 1178; x_wconf 91' lang='lat' dir='ltr'>coepit</span> <span class='ocrx_word' id='word_1_53' title='bbox 756 1125 769 1166; x_wconf 89' lang='lat'>,</span> <span class='ocrx_word' id='word_1_54' title='bbox 796 1078 916 1157; x_wconf 88' lang='lat' dir='ltr'>donec</span> 
     </span>
     <span class='ocr_line' id='line_1_11' title="bbox 55 1175 916 1278; baseline 0.001 -23"><span class='ocrx_word' id='word_1_55' title='bbox 55 1181 164 1255; x_wconf 85' lang='lat' dir='ltr'>unius</span> <span class='ocrx_word' id='word_1_56' title='bbox 180 1175 320 1277; x_wconf 88' lang='lat' dir='ltr'>sceptro</span> <span class='ocrx_word' id='word_1_57' title='bbox 342 1179 598 1253; x_wconf 87' lang='lat' dir='ltr'>&amp;dominatui</span> <span class='ocrx_word' id='word_1_58' title='bbox 621 1180 690 1251; x_wconf 89' lang='lat' dir='ltr'>tria</span> <span class='ocrx_word' id='word_1_59' title='bbox 707 1178 787 1251; x_wconf 82' lang='lat' dir='ltr'>haec</span> <span class='ocrx_word' id='word_1_60' title='bbox 801 1200 916 1278; x_wconf 81' lang='lat' dir='ltr'>regna</span> 
     </span>
     <span class='ocr_line' id='line_1_12' title="bbox 55 1274 915 1378; baseline -0.001 -24"><span class='ocrx_word' id='word_1_61' title='bbox 55 1297 171 1378; x_wconf 86' lang='lat' dir='ltr'>caput</span> <span class='ocrx_word' id='word_1_62' title='bbox 187 1274 288 1349; x_wconf 84' lang='lat' dir='ltr'>suum</span> <span class='ocrx_word' id='word_1_63' title='bbox 304 1277 522 1355; x_wconf 86' lang='lat' dir='ltr'>inclinarint.</span> <span class='ocrx_word' id='word_1_64' title='bbox 573 1277 693 1353; x_wconf 88' lang='lat' dir='ltr'>Dania</span> <span class='ocrx_word' id='word_1_65' title='bbox 709 1277 915 1353; x_wconf 83' lang='lat' dir='ltr'>aTeutoni·</span> 
     </span>
     <span class='ocr_line' id='line_1_13' title="bbox 57 1375 914 1470; baseline 0.001 -19"><span class='ocrx_word' id='word_1_66' title='bbox 57 1379 127 1451; x_wconf 88' lang='lat' dir='ltr'>bus</span> <span class='ocrx_word' id='word_1_67' title='bbox 152 1376 192 1449; x_wconf 79' lang='grc' dir='ltr'>δι</span> <span class='ocrx_word' id='word_1_68' title='bbox 210 1375 370 1453; x_wconf 87' lang='lat' dir='ltr'>Cimbris</span> <span class='ocrx_word' id='word_1_69' title='bbox 384 1379 485 1453; x_wconf 88' lang='lat' dir='ltr'>varie</span> <span class='ocrx_word' id='word_1_70' title='bbox 509 1376 621 1452; x_wconf 88' lang='lat' dir='ltr'>divisa</span> <span class='ocrx_word' id='word_1_71' title='bbox 643 1400 702 1451; x_wconf 87' lang='lat' dir='ltr'>an.</span> <span class='ocrx_word' id='word_1_72' title='bbox 726 1386 823 1470; x_wconf 81' lang='lat'>853.</span> <span class='ocrx_word' id='word_1_73' title='bbox 849 1377 914 1452; x_wconf 83' lang='lat' dir='ltr'>sub</span> 
     </span>
     <span class='ocr_line' id='line_1_14' title="bbox 55 1476 913 1647; baseline 0.002 -96"><span class='ocrx_word' id='word_1_74' title='bbox 55 1478 162 1551; x_wconf 85' lang='lat' dir='ltr'>Erico</span> <span class='ocrx_word' id='word_1_75' title='bbox 187 1476 287 1573; x_wconf 83' lang='lat' dir='ltr'>Rege</span> <span class='ocrx_word' id='word_1_76' title='bbox 311 1476 349 1549; x_wconf 88' lang='lat' dir='ltr'>in</span> <span class='ocrx_word' id='word_1_77' title='bbox 371 1498 525 1647; x_wconf 47' lang='lat' dir='ltr'>coffinum</span> <span class='ocrx_word' id='word_1_78' title='bbox 554 1500 670 1549; x_wconf 89' lang='lat' dir='ltr'>unum</span> <span class='ocrx_word' id='word_1_79' title='bbox 692 1476 817 1549; x_wconf 79' lang='lat' dir='ltr'>coivit</span> <span class='ocrx_word' id='word_1_80' title='bbox 871 1478 913 1554; x_wconf 86' lang='lat' dir='ltr'>in</span> 
     </span>
     <span class='ocr_line' id='line_1_15' title="bbox 56 1570 913 1674; baseline -0.002 -23"><span class='ocrx_word' id='word_1_81' title='bbox 56 1576 189 1655; x_wconf 86' lang='lat' dir='ltr'>Suecia</span> <span class='ocrx_word' id='word_1_82' title='bbox 204 1576 304 1673; x_wconf 86' lang='lat' dir='ltr'>regia</span> <span class='ocrx_word' id='word_1_83' title='bbox 326 1594 414 1674; x_wconf 90' lang='lat' dir='ltr'>pote</span> <span class='ocrx_word' id='word_1_84' title='bbox 445 1600 482 1648; x_wconf 89' lang='lat' dir='ltr'>as</span> <span class='ocrx_word' id='word_1_85' title='bbox 507 1570 702 1648; x_wconf 87' lang='lat' dir='ltr'>diotissime</span> <span class='ocrx_word' id='word_1_86' title='bbox 722 1597 834 1673; x_wconf 86' lang='lat' dir='ltr'>penes</span> <span class='ocrx_word' id='word_1_87' title='bbox 857 1577 913 1650; x_wconf 91' lang='lat' dir='ltr'>in·</span> 
     </span>
     <span class='ocr_line' id='line_1_16' title="bbox 55 1669 914 1774; baseline 0 -26"><span class='ocrx_word' id='word_1_88' title='bbox 55 1677 205 1774; x_wconf 82' lang='lat' dir='ltr'>digenas</span> <span class='ocrx_word' id='word_1_89' title='bbox 229 1671 323 1747; x_wconf 81' lang='lat' dir='ltr'>fuit:</span> <span class='ocrx_word' id='word_1_90' title='bbox 349 1692 427 1747; x_wconf 90' lang='lat' dir='ltr'>tum</span> <span class='ocrx_word' id='word_1_91' title='bbox 449 1675 576 1749; x_wconf 75' lang='lat' dir='ltr'>Daniae</span> <span class='ocrx_word' id='word_1_92' title='bbox 602 1669 815 1768; x_wconf 65' lang='lat' dir='ltr'>conjuncta,</span> <span class='ocrx_word' id='word_1_93' title='bbox 832 1697 914 1749; x_wconf 87' lang='lat' dir='ltr'>rur·</span> 
     </span>
     <span class='ocr_line' id='line_1_17' title="bbox 55 1771 911 1862; baseline 0.001 -15"><span class='ocrx_word' id='word_1_94' title='bbox 55 1771 133 1851; x_wconf 89' lang='lat' dir='ltr'>sum</span> <span class='ocrx_word' id='word_1_95' title='bbox 161 1795 208 1846; x_wconf 91' lang='lat' dir='ltr'>ue</span> <span class='ocrx_word' id='word_1_96' title='bbox 220 1772 341 1847; x_wconf 85' lang='lat' dir='ltr'>avulsa</span> <span class='ocrx_word' id='word_1_97' title='bbox 360 1771 802 1862; x_wconf 56' lang='lat' dir='ltr'>endonecGustavusex</span> <span class='ocrx_word' id='word_1_98' title='bbox 820 1776 911 1849; x_wconf 82' lang='lat' dir='ltr'>anti·</span> 
     </span>
     <span class='ocr_line' id='line_1_18' title="bbox 55 1796 912 1973; baseline 0.004 -28"><span class='ocrx_word' id='word_1_99' title='bbox 55 1796 285 1972; x_wconf 49' lang='lat' dir='ltr'>quaiegum</span> <span class='ocrx_word' id='word_1_100' title='bbox 302 1873 438 1946; x_wconf 85' lang='lat' dir='ltr'>Sueciae</span> <span class='ocrx_word' id='word_1_101' title='bbox 462 1871 625 1973; x_wconf 85' lang='lat' dir='ltr'>prosapia</span> <span class='ocrx_word' id='word_1_102' title='bbox 646 1871 823 1946; x_wconf 83' lang='lat' dir='ltr'>oriundus</span> <span class='ocrx_word' id='word_1_103' title='bbox 841 1877 912 1948; x_wconf 85' lang='lat' dir='ltr'>ice-</span> 
     </span>
     <span class='ocr_line' id='line_1_19' title="bbox 81 1972 918 2071; baseline 0.005 -27"><span class='ocrx_word' id='word_1_104' title='bbox 81 1990 184 2044; x_wconf 88' lang='lat' dir='ltr'>trum</span> <span class='ocrx_word' id='word_1_105' title='bbox 204 1973 337 2047; x_wconf 86' lang='lat' dir='ltr'>Sueciae</span> <span class='ocrx_word' id='word_1_106' title='bbox 349 1973 520 2071; x_wconf 88' lang='lat' dir='ltr'>primuse</span> <span class='ocrx_word' id='word_1_107' title='bbox 536 1974 725 2044; x_wconf 85' lang='lat' dir='ltr'>Danorum</span> <span class='ocrx_word' id='word_1_108' title='bbox 743 1972 918 2048; x_wconf 73' lang='lat' dir='ltr'>manibus·</span> 
     </span>
     <span class='ocr_line' id='line_1_20' title="bbox 54 1995 911 2166; baseline 0.001 -23"><span class='ocrx_word' id='word_1_109' title='bbox 54 1995 268 2145; x_wconf 63' lang='lat' dir='ltr'>iubduxetit</span> <span class='ocrx_word' id='word_1_110' title='bbox 280 2116 293 2156; x_wconf 86' lang='lat'><strong>,</strong></span> <span class='ocrx_word' id='word_1_111' title='bbox 319 2071 357 2144; x_wconf 74' lang='grc' dir='ltr'>δι</span> <span class='ocrx_word' id='word_1_112' title='bbox 392 2073 439 2143; x_wconf 86' lang='lat' dir='ltr'>ad</span> <span class='ocrx_word' id='word_1_113' title='bbox 468 2068 630 2166; x_wconf 89' lang='lat' dir='ltr'>posteros</span> <span class='ocrx_word' id='word_1_114' title='bbox 662 2066 911 2145; x_wconf 85' lang='lat' dir='ltr'>transmiserit.</span> 
     </span>
     <span class='ocr_line' id='line_1_21' title="bbox 54 2161 913 2268; baseline -0.002 -25"><span class='ocrx_word' id='word_1_115' title='bbox 54 2163 192 2243; x_wconf 75' lang='lat' dir='ltr'>Rustici</span> <span class='ocrx_word' id='word_1_116' title='bbox 212 2170 356 2268; x_wconf 87' lang='lat' dir='ltr'>imperii</span> <span class='ocrx_word' id='word_1_117' title='bbox 377 2168 537 2255; x_wconf 85' lang='lat' dir='ltr'>habenas</span> <span class='ocrx_word' id='word_1_118' title='bbox 558 2167 603 2238; x_wconf 88' lang='lat' dir='ltr'>ab</span> <span class='ocrx_word' id='word_1_119' title='bbox 618 2161 746 2239; x_wconf 84' lang='lat' dir='ltr'>incolis</span> <span class='ocrx_word' id='word_1_120' title='bbox 762 2163 822 2238; x_wconf 86' lang='lat' dir='ltr'>fibi</span> <span class='ocrx_word' id='word_1_121' title='bbox 841 2185 913 2242; x_wconf 85' lang='lat' dir='ltr'>tra·</span> 
     </span>
     <span class='ocr_line' id='line_1_22' title="bbox 56 2264 913 2343; baseline 0 0"><span class='ocrx_word' id='word_1_122' title='bbox 56 2269 153 2343; x_wconf 83' lang='lat' dir='ltr'>ditas</span> <span class='ocrx_word' id='word_1_123' title='bbox 167 2270 347 2342; x_wconf 88' lang='lat' dir='ltr'>moderati</span> <span class='ocrx_word' id='word_1_124' title='bbox 365 2267 449 2341; x_wconf 89' lang='lat' dir='ltr'>sunt</span> <span class='ocrx_word' id='word_1_125' title='bbox 462 2287 535 2340; x_wconf 87' lang='lat' dir='ltr'>tres</span> <span class='ocrx_word' id='word_1_126' title='bbox 550 2266 643 2339; x_wconf 82' lang='lat' dir='ltr'>Dani</span> <span class='ocrx_word' id='word_1_127' title='bbox 659 2264 800 2337; x_wconf 81' lang='lat' dir='ltr'>Fratres</span> <span class='ocrx_word' id='word_1_128' title='bbox 816 2267 913 2343; x_wconf 82' lang='lat' dir='ltr'>circa</span> 
     </span>
     <span class='ocr_line' id='line_1_23' title="bbox 56 2364 913 2463; baseline 0 -22"><span class='ocrx_word' id='word_1_129' title='bbox 56 2390 195 2441; x_wconf 83' lang='lat' dir='ltr'>annum</span> <span class='ocrx_word' id='word_1_130' title='bbox 213 2375 295 2452; x_wconf 87' lang='lat'>861.</span> <span class='ocrx_word' id='word_1_131' title='bbox 310 2368 442 2463; x_wconf 85' lang='lat' dir='ltr'>quibus</span> <span class='ocrx_word' id='word_1_132' title='bbox 458 2368 548 2441; x_wconf 87' lang='lat' dir='ltr'>varii</span> <span class='ocrx_word' id='word_1_133' title='bbox 568 2364 749 2462; x_wconf 87' lang='lat' dir='ltr'>Principes</span> <span class='ocrx_word' id='word_1_134' title='bbox 769 2364 814 2437; x_wconf 85' lang='lat' dir='ltr'>ad</span> <span class='ocrx_word' id='word_1_135' title='bbox 832 2365 913 2441; x_wconf 83' lang='lat' dir='ltr'>haec</span> 
     </span>
     <span class='ocr_line' id='line_1_24' title="bbox 54 2463 913 2565; baseline -0.002 -25"><span class='ocrx_word' id='word_1_136' title='bbox 54 2463 170 2565; x_wconf 85' lang='lat' dir='ltr'>usque</span> <span class='ocrx_word' id='word_1_137' title='bbox 182 2484 373 2565; x_wconf 87' lang='lat' dir='ltr'>tempora,</span> <span class='ocrx_word' id='word_1_138' title='bbox 396 2465 594 2561; x_wconf 86' lang='lat' dir='ltr'>aliquando</span> <span class='ocrx_word' id='word_1_139' title='bbox 608 2463 749 2561; x_wconf 86' lang='lat' dir='ltr'>plures,</span> <span class='ocrx_word' id='word_1_140' title='bbox 772 2484 816 2536; x_wconf 90' lang='lat' dir='ltr'>ut</span> <span class='ocrx_word' id='word_1_141' title='bbox 834 2464 913 2564; x_wconf 87' lang='lat' dir='ltr'>plu·</span> 
     </span>
     <span class='ocr_line' id='line_1_25' title="bbox 53 2559 913 2649; baseline -0.001 -10"><span class='ocrx_word' id='word_1_142' title='bbox 53 2567 192 2639; x_wconf 88' lang='lat' dir='ltr'>rimum</span> <span class='ocrx_word' id='word_1_143' title='bbox 205 2586 320 2649; x_wconf 84' lang='lat' dir='ltr'>unus,</span> <span class='ocrx_word' id='word_1_144' title='bbox 338 2561 541 2637; x_wconf 84' lang='lat' dir='ltr'>succeiiere.</span> <span class='ocrx_word' id='word_1_145' title='bbox 592 2560 741 2635; x_wconf 88' lang='lat' dir='ltr'>Polonia</span> <span class='ocrx_word' id='word_1_146' title='bbox 760 2559 834 2636; x_wconf 89' lang='lat' dir='ltr'>fere</span> <span class='ocrx_word' id='word_1_147' title='bbox 854 2584 913 2639; x_wconf 90' lang='lat' dir='ltr'>to·</span> 
     </span>
     <span class='ocr_line' id='line_1_26' title="bbox 55 2662 912 2759; baseline -0.004 -20"><span class='ocrx_word' id='word_1_148' title='bbox 55 2684 95 2739; x_wconf 85' lang='lat' dir='ltr'>ta</span> <span class='ocrx_word' id='word_1_149' title='bbox 113 2663 203 2737; x_wconf 88' lang='lat' dir='ltr'>olim</span> <span class='ocrx_word' id='word_1_150' title='bbox 223 2687 245 2736; x_wconf 89' lang='lat' dir='ltr'>a</span> <span class='ocrx_word' id='word_1_151' title='bbox 264 2663 436 2735; x_wconf 87' lang='lat' dir='ltr'>Sarmatis</span> <span class='ocrx_word' id='word_1_152' title='bbox 465 2680 666 2759; x_wconf 89' lang='lat' dir='ltr'>occupata,</span> <span class='ocrx_word' id='word_1_153' title='bbox 682 2662 829 2734; x_wconf 87' lang='lat' dir='ltr'>tandem</span> <span class='ocrx_word' id='word_1_154' title='bbox 848 2686 912 2736; x_wconf 86' lang='lat' dir='ltr'>an·</span> 
     </span>
     <span class='ocr_line' id='line_1_27' title="bbox 56 2757 972 2841; baseline -0.005 -4"><span class='ocrx_word' id='word_1_155' title='bbox 56 2786 104 2837; x_wconf 90' lang='lat' dir='ltr'>oo</span> <span class='ocrx_word' id='word_1_156' title='bbox 125 2784 232 2837; x_wconf 87' lang='lat'><em>1000.</em></span> <span class='ocrx_word' id='word_1_157' title='bbox 256 2760 465 2841; x_wconf 81' lang='lat' dir='ltr'>Bolesiaum</span> <span class='ocrx_word' id='word_1_158' title='bbox 484 2759 708 2833; x_wconf 84' lang='lat' dir='ltr'>Chabricum</span> <span class='ocrx_word' id='word_1_159' title='bbox 734 2758 777 2830; x_wconf 90' lang='lat' dir='ltr'>ab</span> <span class='ocrx_word' id='word_1_160' title='bbox 796 2757 911 2833; x_wconf 84' lang='lat' dir='ltr'>Otto·</span> <span class='ocrx_word' id='word_1_161' title='bbox 969 2766 972 2771; x_wconf 82' lang='grc'><strong>“</strong></span> 
     </span>
     <span class='ocr_line' id='line_1_28' title="bbox 54 2857 953 2960; baseline -0.007 -24"><span class='ocrx_word' id='word_1_162' title='bbox 54 2863 185 2936; x_wconf 82' lang='lat' dir='ltr'>nelli.</span> <span class='ocrx_word' id='word_1_163' title='bbox 210 2862 302 2958; x_wconf 86' lang='lat' dir='ltr'>Imp.</span> <span class='ocrx_word' id='word_1_164' title='bbox 332 2863 471 2960; x_wconf 85' lang='lat' dir='ltr'>Regem</span> <span class='ocrx_word' id='word_1_165' title='bbox 499 2859 650 2956; x_wconf 86' lang='lat' dir='ltr'>accepit.</span> <span class='ocrx_word' id='word_1_166' title='bbox 713 2857 912 2955; x_wconf 81' lang='lat' dir='ltr'>Hungariae</span> <span class='ocrx_word' id='word_1_167' title='bbox 951 2881 953 2887; x_wconf 91' lang='lat'>·</span> 
     </span>
     <span class='ocr_line' id='line_1_29' title="bbox 55 2956 911 3059; baseline -0.006 -26"><span class='ocrx_word' id='word_1_168' title='bbox 55 2983 210 3059; x_wconf 81' lang='lat' dir='ltr'>regnum</span> <span class='ocrx_word' id='word_1_169' title='bbox 229 2956 353 3056; x_wconf 65' lang='lat' dir='ltr'>ejeCiis</span> <span class='ocrx_word' id='word_1_170' title='bbox 373 2958 575 3055; x_wconf 82' lang='lat' dir='ltr'>deletisque</span> <span class='ocrx_word' id='word_1_171' title='bbox 595 2957 739 3028; x_wconf 87' lang='lat' dir='ltr'>Hunnis</span> <span class='ocrx_word' id='word_1_172' title='bbox 759 2956 911 3051; x_wconf 83' lang='lat' dir='ltr'>Stepha-</span> 
     </span>
     <span class='ocr_line' id='line_1_30' title="bbox 58 3052 908 3161; baseline -0.004 -31"><span class='ocrx_word' id='word_1_173' title='bbox 58 3080 126 3133; x_wconf 84' lang='lat' dir='ltr'>nos</span> <span class='ocrx_word' id='word_1_174' title='bbox 138 3065 285 3161; x_wconf 83' lang='lat' dir='ltr'>Regum</span> <span class='ocrx_word' id='word_1_175' title='bbox 302 3058 441 3156; x_wconf 79' lang='lat' dir='ltr'>primus&#39;</span> <span class='ocrx_word' id='word_1_176' title='bbox 458 3057 497 3129; x_wconf 76' lang='grc' dir='ltr'>ὅ(</span> <span class='ocrx_word' id='word_1_177' title='bbox 527 3052 679 3129; x_wconf 65' lang='lat' dir='ltr'>sancius</span> <span class='ocrx_word' id='word_1_178' title='bbox 702 3077 797 3127; x_wconf 88' lang='lat' dir='ltr'>anno</span> <span class='ocrx_word' id='word_1_179' title='bbox 820 3074 908 3147; x_wconf 84' lang='lat'>954.</span> 
     </span>
     <span class='ocr_line' id='line_1_31' title="bbox 59 3146 919 3271; baseline -0.002 -42"><span class='ocrx_word' id='word_1_180' title='bbox 59 3157 172 3235; x_wconf 80' lang='lat' dir='ltr'>veluti</span> <span class='ocrx_word' id='word_1_181' title='bbox 195 3156 366 3261; x_wconf 82' lang='lat' dir='ltr'>copdidit</span> <span class='ocrx_word' id='word_1_182' title='bbox 395 3156 432 3231; x_wconf 77' lang='grc' dir='ltr'>ὃ(</span> <span class='ocrx_word' id='word_1_183' title='bbox 457 3152 638 3238; x_wconf 86' lang='lat' dir='ltr'>stabilivit.</span> <span class='ocrx_word' id='word_1_184' title='bbox 713 3146 919 3271; x_wconf 70' lang='lat' dir='ltr'>Getpraniatv</span> 
     </span>
    </p>

    <p class='ocr_par' dir='ltr' id='par_1_3' title="bbox 102 3248 912 3344">
     <span class='ocr_line' id='line_1_32' title="bbox 102 3248 912 3344; baseline -0.017 -4"><span class='ocrx_word' id='word_1_185' title='bbox 102 3260 648 3344; x_wconf 69' lang='lat' dir='ltr'>ennomnomsnt1al-x.</span> <span class='ocrx_word' id='word_1_186' title='bbox 727 3248 764 3326; x_wconf 86' lang='lat' dir='ltr'>K</span> <span class='ocrx_word' id='word_1_187' title='bbox 849 3251 912 3327; x_wconf 76' lang='lat' dir='ltr'>de·</span> 
     </span>
    </p>
   </div>
   <div class='ocr_carea' id='block_1_3' title="bbox 0 0 1048 3682">
    <p class='ocr_par' dir='ltr' id='par_1_4' title="bbox 0 0 1048 3682">
     <span class='ocr_line' id='line_1_33' title="bbox 0 0 1048 3682; baseline 0 1"><span class='ocrx_word' id='word_1_188' title='bbox 0 0 1048 3682; x_wconf 95' lang='lat' dir='ltr'> </span> 
     </span>
    </p>
   </div>
  </div>
 </body>
</html>
