2086 3682
107 140 215 252 nn
417 94 546 250 Caput
583 44 699 221 Vn·

65 316 68 325 “
108 278 290 374 Consules
314 293 466 370 studiose
488 294 706 382 turbatam,
734 314 805 394 ope
830 288 969 400 Soiig'e.

106 400 163 471 nis
184 393 394 470 Astronomi
426 387 626 494 peritiffimi
661 416 757 467 anno
790 395 902 468 Urbis
934 396 970 483 D

105 492 282 573 ccvln.
320 512 405 567 ante
443 492 629 591 Christum
655 513 784 566 natum
811 495 971 595 quadra·

84 593 240 712 ‘grimo
267 592 398 692 quinto
423 593 631 668 Romanum
656 616 795 666 annum
830 618 971 671 novam

98 717 144 770 ¹m
171 689 327 765 formam
351 690 520 790 redegit,
553 691 774 789 reduxitque
802 694 850 766 ad
872 695 969 781 dies,

53 832 56 841 ·
106 784 325 866 undictam
353 787 417 874 est,
446 809 632 864 trecentos
655 787 840 890 sexaginta
865 794 969 892 quin·

105 900 180 991 que
207 911 294 964 cum
322 885 381 964 sex
405 889 516 973 horis,
543 912 623 988 quae
649 887 709 963 sex
732 891 832 964 horae
850 914 967 990 quum

106 987 336 1089 quadriennii
360 985 473 1087 spatio
500 988 597 1063 diem
623 986 841 1076 conficiant,
863 1004 970 1089 quar·¹

105 1104 148 1164 to
175 1088 310 1186 quovis
346 1111 443 1162 anno
474 1087 588 1161 diem·
609 1084 815 1162 intercalari
838 1084 966 1183 juifitt

65 1188 91 1205 '‘'
102 1210 238 1303 nempe
274 1183 395 1304 mense
428 1184 609 1301 februario
644 1184 966 1362 ροίξγίςειῆιέἰω

102 1492 190 1560 men
216 1481 363 1560 sortitus
387 1482 462 1571 eii,
496 1483 533 1556 ἃ
560 1481 737 1558 bissextus
772 1504 858 1561 ante
881 1483 962 1563 cal·

102 1585 216 1660 Mart.
243 1602 414 1660 vocatus.
486 1583 595 1655 Unde
632 1580 695 1682 ipss
728 1606 825 1674 anno
864 1590 963 1680 366.

100 1678 242 1759 dierum
270 1702 404 1756 nomen
428 1673 620 1772 bissextilis
644 1680 855 1787 impolitum
880 1680 962 1759 fuit.

187 1884 281 1969 „Hac
317 1870 577 1958 emendatione
623 1903 837 1986 temporum
869 1876 965 1959 insta

100 1978 198 2085 Juiio
224 1984 255 2059 is
280 1983 400 2058 honos
426 1974 477 2056 est
503 1980 675 2072 habitus,
708 2003 752 2058 nt
774 1982 812 2056 in
835 2004 883 2082 pe

98 2104 202 2158 tuam
241 2084 294 2157 rei
334 2084 548 2155 memoriam
591 2082 767 2175 Quintilis
803 2104 891 2157 men
918 2104 962 2170 t,

98 2184 205 2277 'cujus
228 2182 296 2279 IV.¹
322 2181 373 2252 Id.
402 2180 481 2254 orbi
507 2201 615 2254 natus
642 2180 723 2268 est,.
741 2178 871 2280 Julius
897 2180 960 2256 ad·

96 2280 309 2381 peiiaretur,
332 2277 452 2377 legem
480 2276 622 2354 ferente
648 2281 835 2367 Antonio,
864 2280 962 2355 Mar·

96 2380 132 2453 ci
159 2375 257 2465 filio,
293 2375 462 2452 Consule.
542 2381 611 2454 Sed
637 2401 720 2478 qnae
742 2402 869 2454 rerum
892 2381 961 2453 hu·

92 2499 284 2550 manarum
310 2471 517 2552 viciffirudo
542 2477 624 2566 est,
652 2478 792 2554 subiato
819 2478 961 2559 evivit

91 2574 191 2749 {ulio
225 2573 366 2650 Caeiare
406 2577 646 2665 sacerdotum
677 2580 817 2653 incuria
864 2579 959 2653 ratio

120 2673 277 2749 estorum
303 2674 367 2752 ¹seu
404 2668 610 2750 Calendarii
649 2678 770 2752 turios
801 2674 958 2775 peiium·

92 2774 179 2848 data
206 2771 299 2871 uiuit.
375 2777 504 2869 Quum
538 2778 635 2870 enim
674 2775 825 2854 Caeiiris
865 2772 959 2870 iniit

90 2893 228 2971 quarto
251 2874 384 2971 quovis
407 2896 503 2947 anno
529 2874 730 2974 compicto,
754 2897 957 2974 antequam

95 2973 242 3045 'uintus
267 2970 456 3069 inciperet,
475 2974 728 3051 intercalarem
754 2975 958 3050 immiscere

85 2994 189 3177 iren
214 3088 414 3175 oporteret,
430 3069 481 3148 iiii
510 3096 643 3176 quarto
667 3076 829 3155 necdum
856 3097 956 3249 corln·

881 3192 955 3275 po
