2086 3682
365 139 625 256 Astronumin.
864 167 950 259 443

93 306 187 381 ciem
214 302 392 379 infestant.
455 308 607 379 Terram
621 304 872 404 magnitudine
891 306 951 382 sua

91 404 202 505 iunge
230 404 267 478 su
294 427 397 479 etet:
433 404 494 479 soii
526 425 649 478 tamen
672 404 771 479 moie
791 405 951 479 muitum

90 506 203 579 dedit.
264 431 360 578 ium
380 502 485 578 velut
508 507 646 603 Regem
674 503 774 577 suurn
794 526 952 600 quatuor

78 600 198 679 uelle
235 606 489 690 comitantur,
519 606 648 677 teliure
671 606 736 678 vix
765 605 950 690 minores,

88 724 170 803 quse
189 703 286 777 circa
300 705 433 802 Jorem
456 702 694 788 circumadim
710 703 796 773 dum
817 703 854 774 in
873 726 951 775 um·

88 802 192 876 btam
214 800 309 876 iliius
332 827 375 877 ea
390 823 437 875 ex
452 822 574 901 parte,
596 826 705 899 quam
721 827 742 876 a
760 799 833 874 sole
848 825 952 875 aver·

86 898 160 975 sam
185 894 380 987 monstrat,
414 899 613 999 projediam
641 903 857 986 incurrunt,
882 897 952 974 fre·

85 995 317 1099 quentiffime
339 1000 376 1074 ἃ
399 1000 544 1098 quidem
571 999 714 1099 fingulis
739 996 814 1072 fere
846 1001 951 1073 'annis

84 1098 280 1199 plusquam
317 1097 418 1171 mille
444 1120 488 1172 ac
513 1100 687 1173 trecentis
713 1098 853 1171 vicibus
890 1120 953 1198 pa·

86 1198 229 1271 duntur
251 1197 410 1296 eclipsin,
426 1217 537 1294 atque
552 1199 730 1297 tantisper
743 1196 948 1297 disparent:

70 1298 329 1395 'undeJovem
356 1296 438 1370 luce
463 1299 610 1396 propria
633 1320 863 1396 nequaquam
879 1295 950 1370 fui·

86 1418 175 1495 gere
200 1396 259 1469 vei
287 1396 360 1496 ipsa
387 1395 468 1468 iuce
493 1398 623 1471 ciarius
643 1397 705 1471 est.
757 1397 949 1503 Rroximus

85 1496 264 1570 uomitum
296 1502 430 1570 horum
474 1497 570 1572 circa
609 1498 741 1592 Jovem
783 1495 949 1570 volvitur

85 1638 199 1743 spatio
228 1664 260 1715 1.
288 1641 373 1731 diei,
403 1653 459 1729 18.
484 1642 564 1719 hor.
590 1602 651 1734 ἦ.
713 1642 948 1737 Secundus3.

84 1788 173 1861 dier.
203 1808 260 1881 13.
287 1788 368 1865 hor.
399 1749 454 1879 ᾧ.
481 1791 611 1866 tertius
634 1791 825 1864 circuitum
848 1789 950 1862 suum

85 1886 238 1962 abiolxit
262 1908 297 1980 7.
338 1889 434 1962 dieb.
458 1912 494 1984 4.
532 1891 612 1963 hor.
640 1914 693 2027 00!
703 1910 854 1987 quartus
888 1889 951 1962 de·

81 2030 192 2133 nique
231 2040 294 2107 16.
340 2031 435 2106 dieb.
464 2043 529 2117 18.
574 2034 654 2105 hor.
686 2052 718 2121 5.
791 2034 950 2125 Qru'ties

82 2132 265 2229 ejusmodi
306 2128 446 2206 satelles
474 2129 736 2229 joveminter
766 2129 803 2202 &
839 2127 950 2202 soiem

84 2228 261 2323 dimdium
288 2235 433 2305 obtinet
450 2229 575 2315 situm,
600 2229 765 2301 umbram
792 2228 829 2299 in
844 2229 950 2325 iovis

83 2332 220 2405 discum
249 2330 421 2428 projicit,
455 2333 507 2403 ita
533 2349 576 2401 ut
601 2330 638 2401 in
663 2351 708 2401 eo
734 2324 840 2401 instar
875 2351 950 2400 ma·

84 2428 173 2504 culte
197 2429 409 2527 nigricantis
437 2428 621 2528 adpareat.
697 2427 836 2502 Umbra
864 2427 950 2501 'haec

85 2520 315 2605 dariffimum
334 2530 463 2623 ndenuo
493 2526 545 2601 est
564 2545 821 2627 argumentum
839 2574 853 2614 ‚
889 2520 950 2626 Jui·

83 2649 169 2701 vem
195 2625 268 2701 eise
295 2649 636 2728 corpusupacum,
672 2625 710 2699 δι
741 2625 860 2703 aliena
888 2627 950 2709 >iu·

84 2746 125 2801 ce
149 2723 234 2801 frui.
255 2816 260 2821 .

154 2929 336 3000 Saturnus
368 2927 532 3002 omnium
570 2920 796 3029 planetarum
830 2920 949 3024 supre·

82 3044 161 3099 mus
190 3049 256 3123 per
280 3022 415 3097 coeium
434 3026 620 3124 majestate
642 3029 768 3126 plenus
789 3025 951 3113 incedit,

82 3128 241 3223 quinque
265 3123 374 3197 stains
395 3127 595 3202 minoribus
621 3146 795 3225 tanquam
817 3120 945 3295 satqliie

845 3238 874 3295 tt
900 3245 943 3296 us
