2086 3682
56 172 199 236 ’.ποι
409 62 566 257 *Capul
607 137 658 230 V
765 190 768 198 ,

113 301 364 392 bernaculum,
378 300 437 376 seu
464 301 697 403 magnificant
716 304 969 381 Numinisvo·

114 426 153 482 ta
180 406 417 478 Hebraeorum
441 402 657 502 excipientis
684 403 970 500 habitationem,

87 529 158 583 vac
184 502 305 604 gloriae
333 503 402 576 Dei
431 500 550 583 sedern
578 503 728 600 regiam.
790 503 902 577 Porro
928 526 1001 579 ea

114 627 195 704 quae
219 598 399 676 orientem
424 599 548 675 versus
574 598 619 674 se'
634 602 860 700 porrigebat,
890 605 972 677 atrii

35 773 40 777 .
114 725 198 804 pars
223 700 487 800 quinquaginta
511 700 655 773 cubitos
686 697 760 870 laps
785 723 850 801 per
874 701 984 776 colu·'

114 824 219 878 muas
243 801 280 874 dc
301 797 389 873 ‚vela
422 799 467 871 lic
497 798 686 872 distributa
730 800 811 886 uit,
847 820 889 873 ut
919 801 972 877 vi·

13 926 16 933 ·
115 899 209 1002 giuti
233 898 360 973 mediis
386 899 518 997 cubitis
544 895 718 997 ingrelsus
746 921 810 995 per
839 899 972 975 atrium

115 1001 163 1076 ad
181 997 480 1091 'sabernaculum
517 1007 685 1097 pateret,
724 997 851 1094 reliqui
883 1022 973 1079 veto

116 1098 267 1197 triginta
293 1098 408 1170 cubiti
432 1097 604 1195 utrinque
629 1097 681 1170 ita
705 1096 974 1186 dividerentur,

115 1218 161 1273 ut
183 1197 392 1293 quindecim
426 1197 473 1271 ad
509 1195 707 1282 Austrum,
741 1197 896 1271 totidem
930 1199 977 1273 ad

114 1301 152 1373 A
176 1294 336 1368 ailonem
365 1318 450 1366 curn
477 1295 593 1367 tribus
618 1318 664 1369 ex
690 1314 845 1394 utraque
872 1317 976 1395 parte

71 1486 72 1490 Ἴ
117 1321 299 1470 cellumnis
320 1389 458 1466 fuerint
482 1390 607 1473 relidi.
659 1393 792 1468 Aditus
817 1395 909 1493 iple,
933 1419 978 1470 ao

116 1491 224 1568 velut
249 1491 330 1565 atrii
354 1511 461 1589 porta
487 1489 778 1591 magnificentior
801 1513 899 1580 erat,
924 1495 976 1567 vi·

145 1592 211 1675 inti
235 1590 444 1664 cubitorum
474 1591 511 1664 dt
536 1612 698 1688 quatuor
722 1591 900 1675 columnis
926 1592 979 1665 di·

51 1750 52 1755 ,
118 1617 264 1777 linita,
305 1689 400 1764 inter
426 1712 519 1786 quas
551 1709 625 1762 tres
647 1691 716 1762 viae
739 1691 978 1787 interceptae,

57 1823 82 1865 ι
120 1811 205 1887 quae
231 1808 376 1861 remoto
400 1789 500 1872 velo,
525 1788 626 1886 quod
650 1809 696 1862 ex
722 1787 924 1885 hyacintho
942 1790 981 1865 dt
1009 1800 1011 1806 ’

145 1909 280 1985 urpura
295 1933 310 1972 ,
327 1890 331 1896 ’
347 1908 536 1985 coccoque
562 1885 616 1959 bis
638 1885 782 1974 tindo,
817 1889 855 1961 ὅ(
880 1889 981 1987 bylio

118 1911 359 2088 lplendobat,
400 1983 577 2085 populum
604 1986 650 2058 ad
672 1987 846 2061 interiora
870 1988 981 2079 huius

120 2086 202 2163 atrii
229 2085 483 2177 admittebant.
535 2087 575 2160 ln
599 2085 655 2159 his
682 2109 743 2159 ara
763 2085 981 2161 holocaustis

121 2183 312 2271 destinata,
341 2184 378 2257 dt
401 2183 556 2270 labrum,
581 2203 624 2255 ut
647 2185 681 2257 S.
710 2186 895 2283 Scriptura
912 2210 982 2283 ¹vo·

45 2372 48 2378 ,
115 2297 183 2360 'cat
199 2331 211 2370 ,
246 2305 401 2379 aeneum¹
424 2282 680 2356 Sacerdotibus
713 2283 878 2358 lavandis
903 2286 981 2359 ido·

121 2405 232 2459 neum
254 2379 359 2453 faeie
386 2379 584 2461 collocata:
611 2385 685 2456 Ara
712 2385 856 2456 cubitos
878 2387 983 2482 quin·

90 2536 95 2541 .
122 2503 195 2579 que
219 2477 355 2576 longa,
387 2478 542 2554 totidem
568 2478 666 2568 lata,
700 2501 774 2555 tres
801 2480 899 2569 alta,
939 2503 984 2557 ut

121 2577 338 2659 Sacerdotes
362 2575 467 2652 facile
491 2579 537 2652 ad
555 2577 653 2652 illam
680 2583 885 2679 pertingere
907 2581 984 2681 pos·

123 2675 227 2764 lent,
258 2698 303 2750 ex
325 2672 431 2774 lignis
457 2674 559 2753 setim
586 2679 811 2776 composita,
849 2687 985 2776 quovis

122 2776 182 2851 die
207 2774 398 2877 matutinis
416 2775 468 2875 ac
492 2776 703 2877 vespertinis
729 2773 886 2853 vidimis
914 2778 986 2858 fre.

65 2882 70 2897 '
124 2895 241 2978 quens
263 2893 354 2949 erat.
725 2887 728 2894 “

19 3066 22 3071 ’
139 3094 143 3107 ·
197 3042 325 3131 Altera
351 3050 490 3127 edificii
515 3050 625 3146 hujus
645 3050 890 3232 Mosaicipars
913 3056 985 3132 fuit

98 3144 445 3270 tabernaculum,
481 3150 583 3273 quod
620 3148 768 3231 restibus
828 3154 983 3245 hilone,

853 3266 854 3273 ’
885 3257 985 3332 Abu·
