2086 3682
342 90 601 268 Astuouomiu.
834 182 919 273 395

71 340 120 395 ac
151 316 374 393 moderatur.
448 319 687 394 Disconvenit
723 340 812 394 vero
845 322 922 422 plu·

70 420 234 505 timum,
274 418 374 517 quod
405 419 511 519 ipfius
542 418 645 505 lulis,
684 418 773 492 ficut
803 421 922 509 lunae,

72 536 242 593 centrum
274 519 311 590 in
339 539 434 592 terra
460 539 635 618 reponat,
664 517 791 615 illique
825 523 925 618 quie·

72 638 151 691 tem
173 614 356 703 restituat,
376 616 447 690 dre.
509 618 616 692 Plura
639 621 836 718 patebunt,
862 620 925 694 ubi

71 712 301 833 planetarum
325 714 485 790 indolem
509 738 552 790 ac
576 740 696 790 mores
720 722 924 793 accuratius

71 813 265 914 inlpedluti
305 816 439 890 sumus.
514 818 713 913 Qodnam
749 840 839 891 vero
879 840 927 892 ex

71 912 130 989 hia
155 912 292 1002 ttibus,
321 937 403 1012 quae
426 915 586 988 recensui
614 914 820 1012 systemata,
850 916 925 1015 pai·

72 1034 175 1087 mam
201 1011 314 1099 ierat,
340 1007 555 1086 difficultate
581 1036 655 1086 non
682 1037 791 1087 caret.
855 1016 926 1091 Pri·

72 1134 179 1185 mum
222 1109 281 1185 seu
315 1110 582 1186 Ptolomaicum
621 1116 767 1186 veritati
799 1114 836 1186 in
863 1112 928 1187 ali·

72 1194 210 1311 fluibus
240 1210 521 1285 consentaneum
554 1211 653 1284 haud
684 1211 781 1298 elle,
813 1211 927 1286 modo

74 1308 174 1383 tud
208 1331 336 1385 omnes
370 1311 407 1383 in
430 1307 588 1383 confesso
622 1311 683 1385 est.
756 1309 925 1385 Alterum

137 1410 371 1507 peruicanum
406 1411 643 1508 quantumvis
683 1409 725 1483 stt
763 1411 927 1511 ingenio·

74 1502 241 1592 sum‚.&
263 1507 415 1606 pbyficis
440 1528 506 1581 aut
530 1511 797 1582 mathematicis
822 1532 927 1608 argu·

73 1606 211 1681 mentis
252 1628 325 1678 non
367 1608 460 1681 adeo
499 1606 653 1681 feliciter
691 1611 928 1707 impugnetur
1029 1620 1032 1625 '

70 1704 206 1799 (unde
237 1704 344 1779 multi
376 1703 466 1778 illud
497 1726 673 1804 tanquam
712 1706 929 1805 hypothefin

75 1802 299 1901 excipiunt)
335 1802 438 1877 lacrae
470 1825 593 1879 tamen
626 1808 817 1902 Scripturae
845 1806 927 1881 satis

77 1920 203 2001 aperte
226 1904 467 1988 contradicit,
491 1907 800 2001 quemadmodum
827 1905 928 2002 inge·-

75 2022 154 2075 nue
174 1996 312 2076 fatetur
336 2001 542 2085 Sturmius,
573 2005 741 2096 quamvis
765 2007 928 2075 Acatlto·

73 2096 196 2185 licus,
231 2100 269 2174 dt
302 2121 349 2172 cx
371 2096 516 2171 illorum
540 2099 810 2172 Mathematicis
833 2099 930 2173 'cele-

74 2192 305 2273 bratlffimus.
345 2197 419 2294 (q)
500 2197 650 2293 Quippe
688 2198 721 2271 S.
748 2199 932 2294 Scriptura

76 2294 144 2371 soli
169 2316 314 2369 motum
339 2296 497 2369 tribuit:
538 2294 670 2367 Oritur
684 2294 748 2389 sol
771 2296 815 2371 iu
840 2299 931 2369 occi-

73 2390 148 2484 dit,
176 2392 224 2469 θ’
248 2390 297 2467 ad
317 2394 431 2469 locum
452 2391 552 2483 ficum
578 2398 790 2480 revertitur,
811 2390 931 2497 ibique

76 2490 258 2589 retrusurus
277 2508 391 2592 gyrat
421 2508 491 2593 per
520 2494 699 2593 rueridiem
711 2541 725 2583 ‚
756 2492 803 2571 ὅθ
816 2494 931 2589 fleui-

70 2606 145 2669 -tur
166 2588 217 2667 ud
229 2590 451 2691 Aquilonem.
479 2595 549 2686 (r)
614 2590 678 2667 Sol
697 2610 825 2677 contra
852 2592 929 2666 Ga·

75 2688 168 2767 baon
198 2714 243 2764 ne
268 2692 441 2765 movearis
468 2689 514 2767 o’
539 2690 623 2764 luna
651 2706 779 2765 contra
808 2692 932 2763 uallem

71 2788 245 2877 'Aeolum
274 2788 351 2867 &a
385 2791 452 2885 (u)
519 2791 720 2889 subditque
757 2812 932 2885 tanquam

77 2889 303 2965 miraculum
337 2886 461 2988 primic
493 2881 639 2962 claffisa
690 2887 936 2986 Steteruutpue

159 3122 175 3201 (
187 3118 233 3203 q)
256 3113 295 3180 Iu
310 3108 420 3199 Pltfflt.
432 3111 535 3181 concil.
546 3108 619 3199 seu.
628 3116 731 3199 prior.
747 3110 860 3195 Cous.
873 2984 936 3081 Μ

159 3212 230 3293 (r)
261 3206 376 3285 Eccles.
398 3206 469 3291 Cup.
482 3229 510 3272 1.

159 3306 230 3387 (o
262 3298 367 3388 uuae
395 3298 531 3393 cuso.
679 3356 690 3377 ..
744 3366 750 3375 .
