2086 3682
374 156 632 275 Astronomio.
860 182 946 274 '455

90 316 260 408 stantiam
286 338 455 411 teneant,
494 319 674 395 stellarum
701 316 853 394 fixarum
881 348 950 398 nu·

91 446 196 499 mero
219 424 351 496 merito
376 420 636 497 adscribuntur.
708 421 843 494 Eorum
869 445 948 498 cor·

88 544 183 623 pora
210 518 412 595 &indoles
436 519 583 617 reliquis
610 515 690 591 fixis
714 516 947 605 fimillima,li

90 642 237 697 motum
262 621 441 717 excipias,
467 641 542 716 quo
578 640 643 717 per
681 614 794 692 lineas
832 616 947 694 tellas

90 742 191 794 nunc
215 718 456 803 descendunt,
482 736 582 789 nunc
605 718 643 789 in
668 715 784 789 altum
812 715 948 792 tollun-

92 834 154 893 tur
177 818 224 891 ad
249 816 422 890 immensa
448 816 573 915 spatia,
588 814 708 888 donec
722 816 837 889 aciem
859 839 946 890 ocu·

85 914 214 993 'lorum
248 914 451 991 nostrorum
484 914 661 1013 denique
681 915 827 1012 penitus
857 912 949 989 effu·

87 1018 208 1117 {piant
230 1020 252 1107 j
940 1048 943 1053 ·

469 1190 618 1269 Lxxb
689 1217 694 1230 ·

98 1328 101 1333 ·
166 1310 391 1413 Pracipuam
421 1312 459 1388 δι
488 1311 605 1388 veluti
640 1311 839 1414 principem
863 1336 946 1414 per·

89 1408 215 1486 sonam
238 1412 276 1485 in
301 1414 374 1487 hoc
390 1411 535 1487 'coelelli
561 1412 708 1488 theatro
734 1433 850 1514 agunt
868 1416 946 1489 Co·

87 1530 213 1600 meta,
238 1513 301 1610 qui
328 1535 402 1611 quo
427 1514 543 1587 rarius
567 1508 783 1611 spectantur,
809 1524 944 1587 'eoma-

88 1611 146 1711 gis
172 1611 364 1684 hominum
391 1608 519 1685 oculos
544 1611 741 1686 &animos
764 1609 945 1685 in'luiad·

47 1748 52 1755 ·
88 1708 322 1783 mirationem
349 1710 506 1809 rapiunt.
560 1710 654 1807 Qua
680 1708 722 1783 fit
747 1731 944 1881 corporum

89 1808 225 1881 horum
252 1806 456 1882 coelestium
480 1828 631 1894 natura,
656 1810 778 1884 adhuc
816 1810 865 1881 ub
888 1810 944 1906 ju·

90 1906 173 1981 circe
193 1905 238 1981 lit
261 1904 341 1981 est:
367 1907 523 1980 certiora
546 1909 790 2005 praemittam,
814 1918 947 2008 nempe

88 2004 198 2080 dot'es
220 2016 381 2080 eorumr
414 2022 494 2076 tum
524 2022 693 2077 naturam
719 2026 867 2103 quoque
893 2010 947 2081 in·

88 2104 269 2203 vestigare
286 2102 412 2179 licebit
429 2101 598 2176 securius.
648 2102 853 2195 Duodecim
873 2105 946 2178 Co'·

87 2222 273 2277 metarum
312 2201 446 2301 species
484 2200 709 2300 distinguunt
738 2200 946 2279 Astronoml

87 2324 157 2401 pro
184 2299 397 2375 diverfitate·
421 2299 447 2374 fi
471 2323 562 2401 urae,
599 2324 712 2413 quam
748 2298 944 2391 referunt,

88 2399 260 2480 diversas,
284 2424 376 2497 quas
396 2326 549 2485 iislem,
575 2401 711 2497 quibus
734 2423 795 2476 eas
821 2424 944 2477 rerum

115 2498 198 2573 eriti
225 2498 421 2599 adpellant,
437 2500 644 2572 nominibus
666 2497 848 2601 insignitas
861 2502 945 2578 heic

88 2520 189 2673 llloz
222 2620 254 2672 1.
282 2595 422 2671 Criniti
445 2618 638 2685 vocantur,
648 2599 710 2696 qui
727 2602 846 2675 radios
864 2600 945 2677 suos

89 2695 127 2771 iir
147 2696 279 2785 orbem·
303 2694 474 2797 spargunt
494 2694 601 2774 instar
626 2696 789 2797 capillitii
806 2696 866 2773 seu
885 2694 948 2773 co·-

89 2816 262 2883 mamm,
307 2796 404 2869 unde
440 2797 550 2871 etiam
588 2798 754 2873 Cometae
790 2796 949 2871 nominis

92 2891 143 2969 sui
176 2895 358 2994 originem
397 2895 560 2969 trahunt.
635 2919 670 2973 2.
699 2890 853 2970 Barbati
891 2893 954 3011 lep

91 2990 333 3093 Calidori-qui
359 2991 481 3085 jubam
509 2994 607 3069 suam
633 3015 698 3070 aut
722 2996 869 3083 barbam
893 3016 950 3070 re·

72 3088 187 3185 ¹llam
212 3092 274 3168 vel
298 3087 493 3179 inflexam,
528 3120 550 3169 a
574 3090 647 3168 sole
678 3094 840 3168 aversam
865 3114 950 3194 pon

92 3193 227 3301 rigant
294 3212 328 3289 3³
353 3189 697 3366 Quidapmffignram
711 3188 836 3291 jaculi
858 3200 949 3294 prai‘·

140 3322 146 3333 ·
553 3314 574 3386 5
900 3297 947 3371 le·
