2086 3682
335 122 613 246 -Geographin
833 130 916 217 161

60 292 166 386 pium
193 291 368 366 trecentis
402 289 586 394 sexaginta
615 292 781 390 quinque
810 289 923 369 idolis

59 396 98 470 in
124 391 283 494 singulos
307 393 392 467 mni
417 393 494 466 dies
517 393 694 466 dicatum.

126 573 188 647 Ex.
201 566 327 645 Infulis
349 568 439 643 Atia
462 569 558 666 parti
583 570 833 666 adiacentibus
861 595 919 649 ce·

56 671 238 748 lebtiotee
247 669 484 767 notioresque
508 666 591 743 sunt
624 667 814 759 Mariana,
830 669 918 751 alias

57 772 263 848 Latronutn
288 792 311 841 a
335 767 561 843 Fetdinando
581 769 921 869 Magelianes,dum

57 871 133 1042 itesst1
150 892 218 968 pet
238 865 368 943 orbem
392 867 620 1041 angritimum
643 866 818 1042 izfflffitif
857 872 921 988 de·

59 988 163 1045 teae
215 988 496 1044 nmeto12.
560 989 670 1043 uaea
762 990 923 1045 utem

58 1014 212 1144 Boream
241 990 343 1167 {di
372 1064 444 1139 sam
474 990 590 1168 proze
621 1048 816 1166 Japoniam'
843 1066 936 1145 sest·

83 1168 263 1266 ottigunt.
327 1089 540 1264 iffhilippina
571 1164 634 1241 sub
667 1165 835 1266 Philippo
872 1169 915 1242 Π.

55 1192 935 1466 intinitatem‘nteittitii

430 1413 442 1452 ‚
898 1409 916 1427 .

56 1464 191 1549 nilha:
224 1463 321 1536 inter
345 1466 521 1538 maximas
546 1483 671 1539 autem
697 1463 749 1539 est
774 1465 925 1542 Minda-

55 1582 157 1638 nao:
194 1558 427 1659 Malaccenfis
439 1612 451 1651 ‚
477 1585 634 1662 quatum
657 1566 840 1666 precipua
858 1562 917 1639 'est

58 1660 496 1764 Celibes,Hollandotum
521 1666 580 1735 An
606 1661 801 1764 lorumque
817 1687 919 1739 com·
954 1692 957 1696 ⁴

55 1762 195 1837 mercio
210 1758 394 1860 frequens.
453 1763 481 1836 E
509 1685 670 1835 Sonfficis
695 1762 816 1859 iniitlis
841 1784 917 1841 tres

56 1880 275 1949 occurrunt,
301 1880 383 1958 quae
407 1858 465 1934 sua
491 1860 525 1935 se
548 1861 801 1961 magnitudine
813 1886 917 1938 com·

54 1961 259 2036 mendant:
282 1961 446 2046 Romen,
470 1958 591 2059 lapide
616 1961 835 2037 Bezoardico
861 1964 915 2037 di·
978 1974 985 1982 ⁷

54 2084 148 2137 ves:
174 2058 278 2157 Java,
298 2059 337 2133 in
361 2081 435 2154 qua
459 2080 559 2133 nova
580 2059 745 2146 Batavia,
772 2060 915 2137 urbs&

56 2184 117 2234 em
146 2158 265 2234 otium
280 2153 528 2247 ditissimum:
557 2157 766 2231 Summatta
788 2178 916 2256 poten·

57 2259 88 2332 ti
167 2257 180 2331 i
205 2259 314 2358 Regis
344 2256 455 2332 sedes.
530 2257 743 2331 Memoratu
766 2276 917 2357 quoque

59 2357 171 2457 digna
195 2355 246 2439 ,est
271 2355 383 2431 insula
426 2356 557 2456 Zeylon
582 2378 656 2431 una
675 2380 703 2430 e
752 2356 920 2456 raecipuis

56 2456 99 2531 dt
123 2451 329 2532 feliciffimis
353 2457 537 2531 indiarum
568 2478 683 2557 prope
747 2479 917 2531 otoman-

27 2582 31 2588 ’
57 2554 205 2630 deliam.
253 2556 361 2630 Patet
386 2556 503 2654 Regi,
526 2554 690 2630 sederas
714 2557 917 2633 maritimae

55 2655 248 2756 plerasque
271 2652 444 2742 Hollandi
470 2674 665 2754 occupant.
734 2654 787 2727 Ex
809 2674 916 2755 parte
963 2696 975 2713 κ

57 2753 293 2831 Occidentali
330 2753 566 2851 Malabariam
606 2751 730 2831 versus
766 2748 917 2852 longam

57 2852 253 2930 insularum
273 2872 442 2928 catenam
465 2854 590 2929 videre
613 2853 681 2940 est,
707 2873 797 2951 quas
824 2852 916 2928 Mal·

56 2953 162 3029 divas
186 2951 404 3053 adpellant:
441 2955 478 3027 in
504 2953 679 3029 tredecim
714 2947 836 3025 classes
863 2951 916 3027 di·

54 3051 302 3156 (tinguuntur,
320 3071 431 3152 atque
457 3051 700 3127 eminentibus
726 3074 747 3124 e
752 3040 916 3224 groste-

54 3154 104 3232 do
129 3152 288 3257 scopulis
313 3172 384 3227 ceu
415 3150 513 3232 vallo
548 3169 678 3229 contra
701 3143 750 3222 flu
789 3172 831 3224 us
855 3148 912 3223 in·

821 3313 826 3321 .
841 3247 916 3325 sur·
