2086 3682
279 194 283 200 =
380 129 640 252 Geogruplriu.
697 160 702 168 ·
861 163 920 250 97

61 295 148 371 dam
190 295 408 393 eruditaque
446 285 674 396 problemata
704 296 916 373 Arithmeu'·

62 419 125 472 ces
151 395 290 470 auxilio
318 394 488 470 solvenda
513 397 694 471 deducere
725 394 852 472 solent.

146 571 233 649 Post
258 574 447 648 inventam
481 574 552 648 hac
581 575 724 671 ratione
755 577 921 677 periphe-

61 672 154 747 riam
176 693 301 760 tertre,
326 672 363 744 su
392 671 550 748 erficiem
575 673 670 748 illius
695 698 739 749 ac
764 675 921 753 solidita-

34 781 167 859 tem,
196 794 330 871 progre
359 795 371 845 1
402 769 484 845 sunt
510 773 723 874 Geographi
749 778 795 850 ad
819 777 922 852 exhi·

60 872 223 947 bendum
256 870 374 945 oculis
413 871 617 947 terrestrem
647 873 807 974 globum.
833 899 921 951 cum

62 973 186 1065 debita
216 971 482 1070 proportione,
516 971 582 1044 ficu
616 995 658 1044 ac
689 973 918 1072 dispositione

62 1073 223 1168 partium
249 1071 512 1169 praecipuarum
542 1068 601 1143 seu
625 1089 729 1142 terrae
757 1071 815 1146 seu
843 1097 921 1148 ma·

62 1172 117 1245 ris.
180 1170 267 1244 Huc
291 1190 337 1241 ut
360 1162 579 1267 perficerent
601 1170 817 1269 negotium,
835 1168 950 1340 1glo,-x

65 1268 227 1371 bumque
253 1289 486 1367 terraqueum
513 1271 550 1342 in
574 1269 717 1369 mappis
741 1269 810 1343 suis
859 1266 922 1344 eli·
966 1327 972 1345 -.

63 1390 214 1460 neatum
241 1365 446 1468 conspeuui
474 1367 646 1456 sisterent,
670 1369 798 1444 iisdem
813 1367 919 1444 illum

26 1506 29 1515 ·
63 1466 208 1542 circulis
226 1491 302 1564 qua
317 1468 513 1562 majoribus
530 1494 602 1568 qua
615 1469 815 1543 minoribus
827 1492 920 1543 con·

62 1566 200 1640 clusum
237 1565 416 1652 voluere,
436 1569 588 1664 ouibus
626 1569 740 1667 ipsum
779 1568 919 1642 coelum

59 1664 144 1762 jam
161 1664 249 1755 olim
274 1665 757 1754 distinxerunt-Astronomi,
773 1666 921 1741 suaden-

63 1784 100 1841 te
137 1785 221 1838 tum
257 1765 416 1841 utilitate
457 1787 537 1839 tum
574 1763 793 1841 neceffitate.
869 1766 921 1841 Hi
990 1794 993 1801 ’

62 1867 226 1951 etenim,
251 1884 306 1951 uta
322 1889 430 1961 veros
453 1865 630 1946 siderum,
659 1867 840 1967 praecipue
867 1861 920 1940 lo·

63 1964 106 2043 lis
137 1988 184 2041 ac
209 1962 336 2051 lunae,
362 1985 485 2039 motus
501 2058 504 2063 ὁ
520 1987 764 2063 motuumque
795 1965 922 2039 termi-

62 2089 151 2154 uoS,
178 2086 283 2152 axes,
312 2065 349 2137 δι
376 2087 455 2162 quae
478 2062 559 2134 sunt
581 2063 647 2134 alia
664 2064 768 2159 plura
784 2065 829 2134 ad
844 2086 920 2137 coe-¹

62 2164 190 2240 lestem
221 2164 449 2239 harmoniam
484 2156 704 2258 speciantia,
737 2155 920 2259 belism-

61 2282 246 2364 ponerent
273 2262 403 2363 fignis,
435 2258 605 2360 sphaeram
630 2275 673 2331 ut
695 2275 834 2335 vocant
854 2263 921 2356 Ar·
975 2296 979 2301 ,
1014 2271 1018 2280 ·

63 2362 242 2438 millarem
266 2361 552 2461 excogitabant,
590 2360 626 2430 in
659 2382 730 2456 qua
766 2355 922 2431 circulo·

63 2487 147 2539 rum
165 2460 357 2536 mobilium
383 2480 494 2561 atque
522 2456 762 2532 immobilium
792 2480 863 2558 ope
881 2456 920 2532 iu

65 2559 224 2639 diversas
252 2562 419 2661 regiones
453 2579 575 2634 totum
607 2557 923 2657 mundum‘coele-

68 2660 156 2754 stem
197 2659 305 2735 velut
348 2682 414 2759 pro
454 2661 607 2758 imperio
657 2658 927 2732 distribuerunt.

63 2761 191 2839 Duces
211 2757 297 2835 ilios
315 2757 426 2832 secuti
442 2758 655 2857 Geograpbi
679 2757 829 2856 globum
853 2773 927 2828 ter·

66 2856 214 2937 reilrem
251 2859 378 2932 iisdem
416 2859 595 2958 complexi
632 2856 714 2929 sunt
742 2854 845 2953 fignis
878 2861 934 2925 ac‘

66 2959 237 3047 circulis,
272 2978 317 3031 ut
340 2977 437 3035 terra
466 2963 511 3032 ad
537 2955 621 3031 coeli
646 2953 745 3053 leges
769 2973 921 3052 compo.

67 3058 154 3148 lita,
187 3083 234 3133 eo
257 3059 449 3156 ,promtius
492 3057 530 3130 ἃ
570 3053 785 3129 accuratius
801 3068 920 3124 totam

31 3252 37 3259 θ
71 3159 232 3265 ejusdem
251 3158 499 3234 oeconomiam
519 3155 569 3231 ob
583 3152 711 3229 oculos
727 3166 920 3320 ponerint,

24 3278 26 3282 ·
732 3318 735 3323 ,
849 3268 924 3323 .oc

978 1435 992 1468 Α
