2086 3682
91 123 180 236 '416
406 101 536 234 Copti
551 148 554 153 ·
567 108 670 206 Vll
755 138 759 145 ’

95 279 314 369 defendant,
338 275 401 355 bel
425 278 606 353 diuturnis
630 274 773 355 excobli
794 273 952 355 flammis

92 382 211 482 magis
236 379 438 475 durentur,
474 376 513 451 bt
538 377 665 456 asbesti
689 376 751 454 vel
776 379 953 468 amianti,

94 502 300 580 corporum·
324 477 409 577 igne
433 476 534 550 haud
561 474 812 564 violabilium,
846 498 951 552 natu·

91 598 171 655 tam
197 578 372 652 induantr
399 575 568 675 quumvis
591 598 666 649 non
690 574 831 651 inficias
853 599 951 666 eam,

88 680 215 781 partes
241 675 418 775 quasdam
450 673 558 748 iniis
589 674 949 765 continuodestrui,

89 774 404 877 quemidmodum
428 773 466 846 in
488 769 601 871 globo
625 770 782 847 terrestri
806 776 949 850 contiu-

9 914 11 919 ·
88 876 172 977 git,
200 871 296 963 'aliis‘
312 890 437 947 tamen
461 869 792 960 succrescentibus,
823 878 950 947 itaut

89 994 192 1050 nova
216 970 387 1047 absumtis
411 968 594 1069 prioribus
614 970 752 1044 vilcern
781 970 840 1045 his
865 972 948 1047 Pro

88 1072 248 1148 metheis
271 1086 452 1170 perpetuo
474 1066 675 1142 nascantur.
741 1069 868 1145 Partes
885 1093 947 1146 vo·

6 1210 9 1216 ·
89 1194 134 1249 ro
159 1171 360 1269 exquibus
391 1169 465 1243 lroc
490 1188 622 1267 corpus
654 1165 767 1242 solare
797 1189 946 1269 compo·

86 1270 213 1355 nitur,
239 1280 313 1341 non
338 1288 468 1342 omnes
491 1264 562 1341 effe
588 1263 731 1375 solidas,
759 1265 818 1340 sed
842 1266 947 1369 liqui·

88 1368 161 1443 dis'
178 1366 217 1441 or
249 1362 370 1441 fluidis
408 1368 573 1451 mixtas,
605 1350 689 1440 latis
717 1366 843 1465 prodit
874 1366 946 1469 ipsu

86 1466 171 1544 solis
195 1463 331 1554 socies,
367 1486 441 1565 ope
470 1462 750 1564 telescopiorum
785 1464 946 1543 melioris

85 1580 186 1643 notae‘
230 1563 449 1651 observata,
487 1565 621 1663 utpote
653 1565 690 1637 in
721 1565 794 1663 qua
823 1584 944 1665 partes

87 1665 256 1765 quaedsm
281 1660 387 1736 instar
411 1663 523 1736 matis
545 1658 714 1737 fluetibus
736 1664 886 1762 agitati,
904 1662 944 1739 br

84 1766 191 1878 nquae
223 1762 262 1835 in
286 1758 412 1835 lebete·
436 1758 610 1835 ferventis
650 1759 804 1838 ebullire
856 1786 944 1839 con·

85 1860 297 1963 sptciuotur.
374 1862 502 1957 Quare
532 1883 651 1958 quum
676 1878 801 1963 partes
825 1860 943 1947 solide

84 1961 248 2063 quietem
271 1978 416 2045 ament,
442 1957 587 2059 liquidae
611 1982 702 2036 vero
727 1962 849 2037 motui
877 1960 944 2039 bnt

83 2061 274 2147 obnoxiu,
307 2060 439 2159 partim
465 2082 488 2147 e
512 2057 658 2158 liquidis
682 2062 817 2160 partim
842 2058 942 2136 e-so·

83 2158 168 2235 lidis
217 2181 300 2235 cont
328 2159 389 2231 oni
438 2155 547 2231 solem
595 2156 693 2232 recle
742 2160 941 2259 arguimus.

84 2260 189 2355 Quin
221 2279 267 2330 ex
298 2180 369 2329 llac'
392 2253 466 2351 ipsa
490 2257 650 2354 partium
679 2258 941 2359 heterogenes·

37 2442 41 2453 f
83 2376 168 2433 tum
190 2352 455 2427 commixtione
480 2377 554 2427 non
579 2356 687 2452 pauci
705 2354 940 2433 Astronomo·

35 2496 38 2500 -
80 2474 167 2529 rum
192 2448 436 2546 conjecturam
462 2451 561 2527 haud
586 2444 707 2528 levlrm
730 2456 937 2544 deducunt,

78 2546 257 2652 sphaeram
297 2548 378 2626 solis
422 2574 508 2626 aura
545 2553 705 2649 quadam
743 2550 937 2643 craffiore,

79 2672 215 2752 nempe
239 2645 392 2723 effluviis
416 2648 578 2743 eiusdem
605 2673 691 2724 cum
707 2653 843 2728 aethete
864 2676 934 2730 am·-
983 2660 986 2667 '

80 2750 205 2826 bien'te
229 2748 340 2823 unitis
364 2743 542 2837 conflata,
569 2751 783 2825 circumdari
806 2775 852 2826 ac
875 2774 936 2827 co·

79 2850 336 2965 ronari,quom
360 2845 633 2945 atmosphaeram
659 2848 717 2925 seu
732 2849 938 3024 pyrospbae.

79 2970 159 3023 rum
186 2946 264 3025 solrs
290 2966 501 3043 nuncupare
524 2943 662 3021 faseli.
722 2950 816 3023 Rem
867 2972 935 3027 unc

79 3042 152 3120 fide
176 3044 320 3147 dignum
346 3040 435 3127 facit
457 3043 623 3145 analogia
648 3069 734 3120 cum
757 3046 934 3148 globulu-

62 3146 157 3245 mui
184 3139 428 3233 acterrellri,
453 3141 492 3218 in
517 3145 649 3244 quibus
672 3146 722 3228 ob
745 3164 870 3247 partes
893 3148 932 3225 ti.

855 3268 931 3348 ‘1¹¹¹‘
