2086 3682
227 158 535 251 Arclriteiionica
565 160 623 251 M
622 162 775 253 ilitaris.
866 192 950 279 303

95 343 231 424 rusque
256 322 562 442 praecludendos'p
579 330 710 425 partim
735 330 782 401 ad
807 319 953 427 cingen‘
1004 348 1007 357 '

95 424 179 501 dam
206 448 308 499 omnt
332 447 505 523 exparte
531 426 738 513 civitatem,
770 428 808 501 &
831 426 950 503 ilatio·

94 546 159 597 nes
184 520 244 599 seu
271 522 407 611 lineas,
431 546 525 623 quas
550 543 688 598 vocant
710 526 952 601 circumvalla·

96 622 229 712 tionis,
253 624 420 715 tuendas.
471 624 640 721 Denique
664 624 686 697 ii
711 626 771 698 via
798 624 954 699 terrestri

96 725 408 822 expugnationem
447 721 621 797 moliatur
656 745 738 822 pars
777 722 955 811 adversa,

97 832 202 919 putet
228 817 370 895 obsessis
400 821 462 896 via
493 823 674 897 maritima
706 820 766 896 vel
798 818 970 896 fluvialis¹

97 938 180 995 tum
206 919 254 993 ud
278 918 403 1020 fugem
428 918 451 992 fi
474 943 568 1017 opus
594 920 655 1008 fit,
683 941 762 993 tum
789 921 835 994 ad
860 918 955 995 exci-

98 1020 249 1117 piendas
274 1016 489 1120 suppetias:
513 1018 538 1092 fi
561 1038 718 1118 utraque
745 1017 875 1108 fimul,
903 1020 955 1093 ni·

97 1119 231 1192 mirum
271 1136 368 1193 terra
411 1118 602 1215 marique,
641 1118 785 1191 duobus
824 1116 956 1192 validis

97 1216 318 1292 exercitibus
349 1213 541 1293 instrueres
573 1215 614 1289 fit
651 1214 763 1291 hostis
793 1237 953 1315 oportet.

98 1318 283 1415 Quamvis
316 1336 450 1399 autem,
475 1310 672 1401 fortifftmis
704 1315 806 1390 hisce
844 1316 956 1392 ratio·

96 1418 204 1491 nibus
236 1414 372 1513 opponi
405 1410 538 1513 poffit‚
576 1438 677 1489 mare
709 1437 775 1491 aut
799 1412 957 1490 fluvium

98 1536 202 1615 tque
227 1514 472 1589 obiidentibus
498 1512 629 1593 servire
656 1516 702 1585 ad
718 1510 956 1589 neceiiarium

98 1612 294 1689 obsidionis
318 1614 533 1712 adparatum
559 1613 843 1700 advehendum,
884 1634 959 1687 tera

97 1736 179 1789 ram
203 1735 293 1786 veto
317 1714 362 1785 ad
389 1736 566 1813 aggeres,
592 1708 698 1785 fossas
717 1711 889 1810 ⁴obliquas
920 1712 959 1799 ir

100 1808 198 1887 ralis
223 1812 446 1898 excitanda,
478 1811 549 1885 &o
581 1810 819 1887 nihilominus
849 1809 956 1885 fateri

102 1906 239 1984 neceii'e
272 1909 349 2003 est,
393 1912 604 2007 hujusmodi
642 1912 957 1985 munimentorum

128 2028 219 2083 enus
248 2010 442 2094 omnium,
475 2031 556 2104 quor
587 2009 780 2103 hucusque
814 2011 851 2082 in
882 2032 958 2081 me·

128 2112 206 2183 ium
233 2108 343 2183 allata
377 2104 485 2191 sunt,
523 2098 743 2203 aptiffimum
780 2106 818 2177 ἃ
848 2104 960 2205 longe

127 2202 424 2285 raestantiffimum
449 2199 546 2287 eise3
583 2204 642 2275 cui
673 2200 855 2275 sententiae
888 2209 960 2277 Au·

139 2328 222 2383 ores
246 2305 434 2379 communi
456 2300 598 2378 calculo
625 2299 857 2375 subscribunt.
916 2300 962 2375 ll·

86 2404 167 2505 ⁸¹lud
194 2426 318 2489 tamen
339 2428 413 2479 non
436 2402 789 2502 pretermittendum
814 2398 876 2486 est,
899 2397 961 2474 sci·

100 2504 193 2581 licet
219 2527 292 2603 qua
320 2506 461 2577 ratione
495 2525 578 2600 pars
615 2500 763 2575 adversa
792 2502 904 2601 ripn,
936 2499 961 2574 sr

101 2604 375 2683 munimentum
422 2597 537 2673 fluvio
577 2601 847 2677 conterminum
893 2599 959 2687 fit,

101 2703 238 2777 muniti
262 2700 403 2774 debeat.
453 2700 599 2794 Nempe
621 2701 699 2797 ripa
724 2701 776 2777 cis
797 2695 960 2787 flumen,

102 2800 127 2876 fi
152 2800 311 2875 latitudo
335 2799 431 2873 iilius
470 2796 580 2896 sciopi
611 2794 722 2871 ibium
758 2821 831 2871 non
856 2820 963 2870 exce-

101 2904 191 2988 dat,
221 2897 387 2999 parmula
421 2897 559 2993 maj0re
584 2916 649 2970 aut
671 2920 781 2989 opere
805 2914 961 2970 cornuto

102 2999 166 3077 vel
193 3015 372 3073 coronato
398 2992 667 3070 instrui-solet:
694 2993 717 3065 st
742 3017 831 3067 vero
857 2992 962 3067 latio·

102 3122 144 3174 rr
179 3096 286 3173 al-veo
320 3090 458 3168 flumen
495 3116 606 3192 penes
638 3093 826 3167 civitatem
865 3093 964 3165 ince-

104 3198 183 3289 dat,
209 3194 481 3271 munimentum
502 3188 722 3291 prestruitur
745 3192 877 3286 majus,
899 3192 964 3267 he·

850 3311 962 3390 xago-
