<?xml version="1.0" encoding="UTF-8"?>
<!DOCTYPE html PUBLIC "-//W3C//DTD XHTML 1.0 Transitional//EN"
    "http://www.w3.org/TR/xhtml1/DTD/xhtml1-transitional.dtd">
<html xmlns="http://www.w3.org/1999/xhtml" xml:lang="en" lang="en">
 <head>
  <title>
</title>
<meta http-equiv="Content-Type" content="text/html;charset=utf-8" />
  <meta name='ocr-system' content='tesseract 3.04.00' />
  <meta name='ocr-capabilities' content='ocr_page ocr_carea ocr_par ocr_line ocrx_word'/>
</head>
<body>
  <div class='ocr_page' id='page_1' title='image "./bibliothecadome02manngoog_0406.png"; bbox 0 0 2086 3682; ppageno 0'>
   <div class='ocr_carea' id='block_1_1' title="bbox 342 144 916 281">
    <p class='ocr_par' dir='ltr' id='par_1_1' title="bbox 342 144 916 281">
     <span class='ocr_line' id='line_1_1' title="bbox 342 144 916 281; baseline -0.005 -26"><span class='ocrx_word' id='word_1_1' title='bbox 342 163 599 281; x_wconf 82' lang='lat' dir='ltr'>Astronomt&#39;u.</span> <span class='ocrx_word' id='word_1_2' title='bbox 829 144 916 279; x_wconf 73' lang='lat'>365</span> 
     </span>
    </p>
   </div>
   <div class='ocr_carea' id='block_1_2' title="bbox 55 328 918 633">
    <p class='ocr_par' dir='ltr' id='par_1_2' title="bbox 55 328 918 633">
     <span class='ocr_line' id='line_1_2' title="bbox 55 328 918 428; baseline -0.007 -19"><span class='ocrx_word' id='word_1_3' title='bbox 55 354 146 421; x_wconf 91' lang='lat'><em>000,</em></span> <span class='ocrx_word' id='word_1_4' title='bbox 166 351 254 419; x_wconf 88' lang='lat'><em>000,</em></span> <span class='ocrx_word' id='word_1_5' title='bbox 271 351 364 417; x_wconf 71' lang='lat'>020,</span> <span class='ocrx_word' id='word_1_6' title='bbox 384 352 472 417; x_wconf 91' lang='lat'><em>000,</em></span> <span class='ocrx_word' id='word_1_7' title='bbox 496 328 660 428; x_wconf 86' lang='lat' dir='ltr'>(nempe</span> <span class='ocrx_word' id='word_1_8' title='bbox 678 345 721 401; x_wconf 91' lang='lat' dir='ltr'>ut</span> <span class='ocrx_word' id='word_1_9' title='bbox 734 351 849 402; x_wconf 86' lang='lat' dir='ltr'>unum</span> <span class='ocrx_word' id='word_1_10' title='bbox 870 331 918 406; x_wconf 85' lang='lat' dir='ltr'>ad</span> 
     </span>
     <span class='ocr_line' id='line_1_3' title="bbox 58 426 918 525; baseline -0.003 -18"><span class='ocrx_word' id='word_1_11' title='bbox 58 429 309 507; x_wconf 79' lang='lat' dir='ltr'>trimillionem</span> <span class='ocrx_word' id='word_1_12' title='bbox 358 426 417 503; x_wconf 85' lang='lat' dir='ltr'>seu</span> <span class='ocrx_word' id='word_1_13' title='bbox 458 428 659 504; x_wconf 87' lang='lat' dir='ltr'>milliouern</span> <span class='ocrx_word' id='word_1_14' title='bbox 708 429 918 525; x_wconf 87' lang='lat' dir='ltr'>cubitum)</span> 
     </span>
     <span class='ocr_line' id='line_1_4' title="bbox 57 526 462 633; baseline -0.017 -24"><span class='ocrx_word' id='word_1_15' title='bbox 57 532 214 633; x_wconf 87' lang='lat' dir='ltr'>prodeat</span> <span class='ocrx_word' id='word_1_16' title='bbox 238 526 377 606; x_wconf 73' lang='lat' dir='ltr'>necesse</span> <span class='ocrx_word' id='word_1_17' title='bbox 400 526 462 605; x_wconf 88' lang='lat' dir='ltr'>est.</span> 
     </span>
    </p>
   </div>
   <div class='ocr_carea' id='block_1_3' title="bbox 19 705 972 3269">
    <p class='ocr_par' dir='ltr' id='par_1_3' title="bbox 19 705 972 3262">
     <span class='ocr_line' id='line_1_5' title="bbox 151 705 914 804; baseline 0.004 -23"><span class='ocrx_word' id='word_1_18' title='bbox 151 706 352 804; x_wconf 88' lang='lat' dir='ltr'>Hucusque</span> <span class='ocrx_word' id='word_1_19' title='bbox 393 705 478 781; x_wconf 80' lang='lat' dir='ltr'>coeli</span> <span class='ocrx_word' id='word_1_20' title='bbox 519 706 670 780; x_wconf 85' lang='lat' dir='ltr'>nomine</span> <span class='ocrx_word' id='word_1_21' title='bbox 709 706 914 785; x_wconf 77' lang='lat' dir='ltr'>universam</span> 
     </span>
     <span class='ocr_line' id='line_1_6' title="bbox 57 803 913 906; baseline 0.002 -25"><span class='ocrx_word' id='word_1_22' title='bbox 57 807 187 882; x_wconf 85' lang='lat' dir='ltr'>mundi</span> <span class='ocrx_word' id='word_1_23' title='bbox 211 808 321 900; x_wconf 86' lang='lat' dir='ltr'>hujus</span> <span class='ocrx_word' id='word_1_24' title='bbox 349 809 576 892; x_wconf 85' lang='lat' dir='ltr'>machinam,</span> <span class='ocrx_word' id='word_1_25' title='bbox 599 829 672 903; x_wconf 86' lang='lat' dir='ltr'>qua</span> <span class='ocrx_word' id='word_1_26' title='bbox 692 803 801 906; x_wconf 82' lang='lat' dir='ltr'>longe</span> <span class='ocrx_word' id='word_1_27' title='bbox 825 807 913 884; x_wconf 87' lang='lat' dir='ltr'>late·</span> 
     </span>
     <span class='ocr_line' id='line_1_7' title="bbox 56 906 916 1007; baseline 0.003 -28"><span class='ocrx_word' id='word_1_28' title='bbox 56 930 131 1006; x_wconf 87' lang='lat' dir='ltr'>que</span> <span class='ocrx_word' id='word_1_29' title='bbox 164 928 286 1007; x_wconf 87' lang='lat' dir='ltr'>patet,</span> <span class='ocrx_word' id='word_1_30' title='bbox 320 906 532 1006; x_wconf 85' lang='lat' dir='ltr'>complexus</span> <span class='ocrx_word' id='word_1_31' title='bbox 565 907 666 976; x_wconf 72' lang='lat' dir='ltr'>durn:</span> <span class='ocrx_word' id='word_1_32' title='bbox 688 910 833 980; x_wconf 90' lang='lat' dir='ltr'>nonita</span> <span class='ocrx_word' id='word_1_33' title='bbox 863 928 916 983; x_wconf 92' lang='lat' dir='ltr'>ta·</span> 
     </span>
     <span class='ocr_line' id='line_1_8' title="bbox 55 1001 962 1105; baseline 0.002 -25"><span class='ocrx_word' id='word_1_34' title='bbox 55 1016 143 1080; x_wconf 81' lang='lat' dir='ltr'>rnen</span> <span class='ocrx_word' id='word_1_35' title='bbox 164 1027 278 1077; x_wconf 88' lang='lat' dir='ltr'>unum</span> <span class='ocrx_word' id='word_1_36' title='bbox 297 1006 368 1080; x_wconf 84' lang='lat' dir='ltr'>effe</span> <span class='ocrx_word' id='word_1_37' title='bbox 390 1005 611 1079; x_wconf 82' lang='lat' dir='ltr'>credendum</span> <span class='ocrx_word' id='word_1_38' title='bbox 636 1001 699 1091; x_wconf 79' lang='lat' dir='ltr'>cst,</span> <span class='ocrx_word' id='word_1_39' title='bbox 721 1025 764 1077; x_wconf 91' lang='lat' dir='ltr'>ut</span> <span class='ocrx_word' id='word_1_40' title='bbox 780 1007 815 1079; x_wconf 90' lang='lat' dir='ltr'>in</span> <span class='ocrx_word' id='word_1_41' title='bbox 836 1008 916 1105; x_wconf 88' lang='lat' dir='ltr'>plu·</span> <span class='ocrx_word' id='word_1_42' title='bbox 956 1026 962 1051; x_wconf 79' lang='lat'>⁸</span> 
     </span>
     <span class='ocr_line' id='line_1_9' title="bbox 55 1104 917 1202; baseline 0.003 -24"><span class='ocrx_word' id='word_1_43' title='bbox 55 1127 114 1178; x_wconf 81' lang='lat' dir='ltr'>res</span> <span class='ocrx_word' id='word_1_44' title='bbox 145 1104 260 1177; x_wconf 86' lang='lat' dir='ltr'>dividi</span> <span class='ocrx_word' id='word_1_45' title='bbox 286 1125 460 1202; x_wconf 87' lang='lat' dir='ltr'>nequeat.</span> <span class='ocrx_word' id='word_1_46' title='bbox 535 1104 774 1200; x_wconf 73' lang='lat' dir='ltr'>Antiquiores</span> <span class='ocrx_word' id='word_1_47' title='bbox 795 1106 917 1181; x_wconf 82' lang='lat' dir='ltr'><strong>Philo·</strong></span> 
     </span>
     <span class='ocr_line' id='line_1_10' title="bbox 56 1200 914 1303; baseline 0.003 -25"><span class='ocrx_word' id='word_1_48' title='bbox 56 1200 158 1303; x_wconf 83' lang='lat' dir='ltr'>sophi</span> <span class='ocrx_word' id='word_1_49' title='bbox 177 1203 306 1279; x_wconf 86' lang='lat' dir='ltr'>decem</span> <span class='ocrx_word' id='word_1_50' title='bbox 336 1207 374 1278; x_wconf 69' lang='grc' dir='ltr'>ἃ</span> <span class='ocrx_word' id='word_1_51' title='bbox 394 1202 560 1303; x_wconf 81' lang='lat' dir='ltr'>amplius,</span> <span class='ocrx_word' id='word_1_52' title='bbox 576 1206 643 1274; x_wconf 80' lang='lat' dir='ltr'>aevi</span> <span class='ocrx_word' id='word_1_53' title='bbox 670 1224 760 1276; x_wconf 87' lang='lat' dir='ltr'>vero</span> <span class='ocrx_word' id='word_1_54' title='bbox 789 1205 914 1281; x_wconf 82' lang='lat' dir='ltr'>melio·</span> 
     </span>
     <span class='ocr_line' id='line_1_11' title="bbox 54 1298 912 1379; baseline 0.001 -3"><span class='ocrx_word' id='word_1_55' title='bbox 54 1304 105 1376; x_wconf 84' lang='lat' dir='ltr'>ris</span> <span class='ocrx_word' id='word_1_56' title='bbox 140 1298 346 1376; x_wconf 86' lang='lat' dir='ltr'>Astronomi</span> <span class='ocrx_word' id='word_1_57' title='bbox 385 1326 521 1375; x_wconf 88' lang='lat' dir='ltr'>novem</span> <span class='ocrx_word' id='word_1_58' title='bbox 562 1301 677 1374; x_wconf 79' lang='lat' dir='ltr'>coelos</span> <span class='ocrx_word' id='word_1_59' title='bbox 712 1298 912 1379; x_wconf 76' lang='lat' dir='ltr'>statuuntr</span> 
     </span>
     <span class='ocr_line' id='line_1_12' title="bbox 55 1398 914 1499; baseline 0.007 -26"><span class='ocrx_word' id='word_1_60' title='bbox 55 1422 173 1474; x_wconf 90' lang='lat' dir='ltr'>unum</span> <span class='ocrx_word' id='word_1_61' title='bbox 226 1403 300 1475; x_wconf 93' lang='lat' dir='ltr'>uod</span> <span class='ocrx_word' id='word_1_62' title='bbox 326 1398 488 1475; x_wconf 78' lang='lat' dir='ltr'>Primum</span> <span class='ocrx_word' id='word_1_63' title='bbox 502 1400 637 1474; x_wconf 81' lang='lat' dir='ltr'><em>Mobile</em></span> <span class='ocrx_word' id='word_1_64' title='bbox 655 1425 809 1499; x_wconf 82' lang='lat' dir='ltr'>vocant,</span> <span class='ocrx_word' id='word_1_65' title='bbox 838 1425 914 1479; x_wconf 88' lang='lat' dir='ltr'>tan·</span> 
     </span>
     <span class='ocr_line' id='line_1_13' title="bbox 55 1426 972 1600; baseline 0.007 -27"><span class='ocrx_word' id='word_1_66' title='bbox 55 1522 167 1600; x_wconf 88' lang='lat' dir='ltr'>quam</span> <span class='ocrx_word' id='word_1_67' title='bbox 183 1426 407 1593; x_wconf 46' lang='lat' dir='ltr'>,duetorem</span> <span class='ocrx_word' id='word_1_68' title='bbox 438 1500 475 1573; x_wconf 66' lang='grc' dir='ltr'>ὅ(</span> <span class='ocrx_word' id='word_1_69' title='bbox 506 1521 629 1573; x_wconf 84' lang='lat' dir='ltr'>motus</span> <span class='ocrx_word' id='word_1_70' title='bbox 663 1498 801 1576; x_wconf 70' lang='lat' dir='ltr'>tundis</span> <span class='ocrx_word' id='word_1_71' title='bbox 831 1503 916 1579; x_wconf 81' lang='lat' dir='ltr'>fide·</span> <span class='ocrx_word' id='word_1_72' title='bbox 967 1502 972 1511; x_wconf 84' lang='grc'>’</span> 
     </span>
     <span class='ocr_line' id='line_1_14' title="bbox 57 1599 913 1679; baseline 0.008 -7"><span class='ocrx_word' id='word_1_73' title='bbox 57 1599 158 1674; x_wconf 86' lang='lat' dir='ltr'>ribus</span> <span class='ocrx_word' id='word_1_74' title='bbox 182 1600 389 1673; x_wconf 85' lang='lat' dir='ltr'>communis</span> <span class='ocrx_word' id='word_1_75' title='bbox 415 1600 617 1674; x_wconf 85' lang='lat' dir='ltr'>arbitrum:</span> <span class='ocrx_word' id='word_1_76' title='bbox 641 1600 677 1672; x_wconf 89' lang='lat' dir='ltr'>in</span> <span class='ocrx_word' id='word_1_77' title='bbox 692 1599 807 1676; x_wconf 86' lang='lat' dir='ltr'>altero</span> <span class='ocrx_word' id='word_1_78' title='bbox 836 1602 913 1679; x_wconf 60' lang='lat' dir='ltr'>ster:</span> 
     </span>
     <span class='ocr_line' id='line_1_15' title="bbox 57 1692 922 1803; baseline -0.003 -32"><span class='ocrx_word' id='word_1_79' title='bbox 57 1697 112 1773; x_wconf 85' lang='lat' dir='ltr'>las</span> <span class='ocrx_word' id='word_1_80' title='bbox 142 1696 230 1773; x_wconf 84' lang='lat' dir='ltr'>fixas</span> <span class='ocrx_word' id='word_1_81' title='bbox 256 1696 463 1773; x_wconf 71' lang='lat' dir='ltr'>coliocantr</span> <span class='ocrx_word' id='word_1_82' title='bbox 495 1696 654 1797; x_wconf 83' lang='lat' dir='ltr'>reliquos</span> <span class='ocrx_word' id='word_1_83' title='bbox 681 1692 814 1799; x_wconf 82' lang='lat' dir='ltr'>septem</span> <span class='ocrx_word' id='word_1_84' title='bbox 838 1702 922 1803; x_wconf 65' lang='lat' dir='ltr'>pla-¹</span> 
     </span>
     <span class='ocr_line' id='line_1_16' title="bbox 56 1794 919 1897; baseline 0.009 -28"><span class='ocrx_word' id='word_1_85' title='bbox 56 1797 170 1886; x_wconf 82' lang='lat' dir='ltr'>netis,</span> <span class='ocrx_word' id='word_1_86' title='bbox 194 1797 296 1872; x_wconf 83' lang='lat' dir='ltr'>suurn</span> <span class='ocrx_word' id='word_1_87' title='bbox 313 1800 466 1897; x_wconf 84' lang='lat' dir='ltr'>cuique,</span> <span class='ocrx_word' id='word_1_88' title='bbox 490 1799 658 1871; x_wconf 88' lang='lat' dir='ltr'>tribuunt</span> <span class='ocrx_word' id='word_1_89' title='bbox 682 1794 919 1878; x_wconf 81' lang='lat' dir='ltr'>habitandos.¹</span> 
     </span>
     <span class='ocr_line' id='line_1_17' title="bbox 56 1895 912 1999; baseline 0.004 -27"><span class='ocrx_word' id='word_1_90' title='bbox 56 1896 198 1973; x_wconf 84' lang='lat' dir='ltr'>Verum</span> <span class='ocrx_word' id='word_1_91' title='bbox 230 1898 274 1972; x_wconf 89' lang='lat' dir='ltr'>lis</span> <span class='ocrx_word' id='word_1_92' title='bbox 300 1895 395 1985; x_wconf 82' lang='lat' dir='ltr'>hac,</span> <span class='ocrx_word' id='word_1_93' title='bbox 423 1898 485 1969; x_wconf 87' lang='lat' dir='ltr'>ubi</span> <span class='ocrx_word' id='word_1_94' title='bbox 516 1898 561 1970; x_wconf 86' lang='lat' dir='ltr'>de</span> <span class='ocrx_word' id='word_1_95' title='bbox 587 1900 734 1972; x_wconf 86' lang='lat' dir='ltr'>nomine</span> <span class='ocrx_word' id='word_1_96' title='bbox 762 1904 912 1999; x_wconf 79' lang='lat' dir='ltr'>quaestio</span> 
     </span>
     <span class='ocr_line' id='line_1_18' title="bbox 57 1990 912 2098; baseline 0.004 -28"><span class='ocrx_word' id='word_1_97' title='bbox 57 1995 236 2098; x_wconf 78' lang='lat' dir='ltr'>agitatur,</span> <span class='ocrx_word' id='word_1_98' title='bbox 257 1990 519 2095; x_wconf 83' lang='lat' dir='ltr'>expeditiffime</span> <span class='ocrx_word' id='word_1_99' title='bbox 551 1997 609 2065; x_wconf 87' lang='lat' dir='ltr'>SS.</span> <span class='ocrx_word' id='word_1_100' title='bbox 628 1997 830 2070; x_wconf 82' lang='lat' dir='ltr'>Literarurn</span> <span class='ocrx_word' id='word_1_101' title='bbox 853 2026 912 2073; x_wconf 93' lang='lat' dir='ltr'>au-</span> 
     </span>
     <span class='ocr_line' id='line_1_19' title="bbox 56 2092 911 2191; baseline 0.002 -22"><span class='ocrx_word' id='word_1_102' title='bbox 56 2092 225 2172; x_wconf 73' lang='lat' dir='ltr'>&amp;oritate</span> <span class='ocrx_word' id='word_1_103' title='bbox 246 2094 449 2179; x_wconf 88' lang='lat' dir='ltr'>deciditur,</span> <span class='ocrx_word' id='word_1_104' title='bbox 485 2113 566 2191; x_wconf 90' lang='lat' dir='ltr'>quae</span> <span class='ocrx_word' id='word_1_105' title='bbox 590 2093 701 2164; x_wconf 89' lang='lat' dir='ltr'>trium</span> <span class='ocrx_word' id='word_1_106' title='bbox 729 2096 911 2171; x_wconf 68' lang='lat' dir='ltr'>coedorum</span> 
     </span>
     <span class='ocr_line' id='line_1_20' title="bbox 56 2191 912 2290; baseline -0.002 -21"><span class='ocrx_word' id='word_1_107' title='bbox 56 2196 321 2281; x_wconf 86' lang='lat' dir='ltr'>meminerunt,</span> <span class='ocrx_word' id='word_1_108' title='bbox 348 2195 537 2290; x_wconf 85' lang='lat' dir='ltr'>tribusque</span> <span class='ocrx_word' id='word_1_109' title='bbox 560 2191 739 2264; x_wconf 83' lang='lat' dir='ltr'>duntaxat</span> <span class='ocrx_word' id='word_1_110' title='bbox 760 2193 832 2266; x_wconf 91' lang='lat' dir='ltr'>hoc</span> <span class='ocrx_word' id='word_1_111' title='bbox 850 2220 912 2287; x_wconf 80' lang='lat' dir='ltr'>no·</span> 
     </span>
     <span class='ocr_line' id='line_1_21' title="bbox 55 2290 913 2395; baseline 0.001 -26"><span class='ocrx_word' id='word_1_112' title='bbox 55 2300 143 2369; x_wconf 85' lang='lat' dir='ltr'>rnen</span> <span class='ocrx_word' id='word_1_113' title='bbox 159 2293 360 2395; x_wconf 75' lang='lat' dir='ltr'>indulgent.</span> <span class='ocrx_word' id='word_1_114' title='bbox 424 2293 478 2365; x_wconf 75' lang='lat' dir='ltr'>Ita</span> <span class='ocrx_word' id='word_1_115' title='bbox 499 2294 576 2385; x_wconf 90' lang='lat' dir='ltr'>(n)</span> <span class='ocrx_word' id='word_1_116' title='bbox 601 2292 634 2362; x_wconf 90' lang='lat' dir='ltr'>S.</span> <span class='ocrx_word' id='word_1_117' title='bbox 661 2290 793 2366; x_wconf 83' lang='lat' dir='ltr'>Paulus</span> <span class='ocrx_word' id='word_1_118' title='bbox 813 2296 857 2368; x_wconf 91' lang='lat' dir='ltr'>de</span> <span class='ocrx_word' id='word_1_119' title='bbox 879 2294 913 2372; x_wconf 77' lang='lat' dir='ltr'>se</span> 
     </span>
     <span class='ocr_line' id='line_1_22' title="bbox 56 2388 913 2511; baseline -0.009 -44"><span class='ocrx_word' id='word_1_120' title='bbox 56 2392 133 2511; x_wconf 74' lang='lat' dir='ltr'>ipso</span> <span class='ocrx_word' id='word_1_121' title='bbox 156 2392 316 2481; x_wconf 89' lang='lat' dir='ltr'>fatetur,</span> <span class='ocrx_word' id='word_1_122' title='bbox 351 2392 453 2490; x_wconf 89' lang='lat' dir='ltr'>quod</span> <span class='ocrx_word' id='word_1_123' title='bbox 485 2408 611 2491; x_wconf 82' lang='lat' dir='ltr'>raptus</span> <span class='ocrx_word' id='word_1_124' title='bbox 632 2388 744 2465; x_wconf 83' lang='lat' dir='ltr'>fuerit</span> <span class='ocrx_word' id='word_1_125' title='bbox 768 2393 814 2466; x_wconf 89' lang='lat' dir='ltr'>ad</span> <span class='ocrx_word' id='word_1_126' title='bbox 842 2416 913 2489; x_wconf 82' lang='lat' dir='ltr'>ter.</span> 
     </span>
     <span class='ocr_line' id='line_1_23' title="bbox 57 2490 922 2593; baseline 0.007 -26"><span class='ocrx_word' id='word_1_127' title='bbox 57 2512 151 2569; x_wconf 86' lang='lat' dir='ltr'>trum</span> <span class='ocrx_word' id='word_1_128' title='bbox 180 2492 293 2593; x_wconf 89' lang='lat' dir='ltr'>usque</span> <span class='ocrx_word' id='word_1_129' title='bbox 316 2490 472 2575; x_wconf 87' lang='lat' dir='ltr'>coelum,</span> <span class='ocrx_word' id='word_1_130' title='bbox 496 2512 561 2590; x_wconf 89' lang='lat' dir='ltr'>per</span> <span class='ocrx_word' id='word_1_131' title='bbox 582 2493 682 2587; x_wconf 89' lang='lat' dir='ltr'>quod</span> <span class='ocrx_word' id='word_1_132' title='bbox 707 2491 766 2565; x_wconf 87' lang='lat' dir='ltr'>SS.</span> <span class='ocrx_word' id='word_1_133' title='bbox 787 2492 922 2589; x_wconf 74' lang='lat' dir='ltr'>Patres·</span> 
     </span>
     <span class='ocr_line' id='line_1_24' title="bbox 56 2588 911 2687; baseline 0.006 -21"><span class='ocrx_word' id='word_1_134' title='bbox 56 2593 219 2667; x_wconf 84' lang='lat' dir='ltr'>unanimi</span> <span class='ocrx_word' id='word_1_135' title='bbox 250 2588 421 2665; x_wconf 82' lang='lat' dir='ltr'>consensu</span> <span class='ocrx_word' id='word_1_136' title='bbox 447 2591 691 2687; x_wconf 85' lang='lat' dir='ltr'>Empyreum,</span> <span class='ocrx_word' id='word_1_137' title='bbox 713 2592 911 2671; x_wconf 84' lang='lat' dir='ltr'>Beatorurr&#39;r</span> 
     </span>
     <span class='ocr_line' id='line_1_25' title="bbox 19 2687 925 2791; baseline -0.002 -23"><span class='ocrx_word' id='word_1_138' title='bbox 19 2688 26 2705; x_wconf 85' lang='lat'>&#39;</span> <span class='ocrx_word' id='word_1_139' title='bbox 56 2692 234 2791; x_wconf 83' lang='lat' dir='ltr'>patriam,</span> <span class='ocrx_word' id='word_1_140' title='bbox 255 2687 475 2787; x_wconf 74' lang='lat' dir='ltr'>intelligunt</span> <span class='ocrx_word' id='word_1_141' title='bbox 544 2690 673 2783; x_wconf 82' lang='lat' dir='ltr'>Qrum</span> <span class='ocrx_word' id='word_1_142' title='bbox 698 2688 810 2788; x_wconf 84' lang='lat' dir='ltr'>igitur</span> <span class='ocrx_word' id='word_1_143' title='bbox 830 2694 925 2787; x_wconf 83' lang='lat' dir='ltr'>Enr-¹</span> 
     </span>
     <span class='ocr_line' id='line_1_26' title="bbox 54 2786 913 2891; baseline 0 -25"><span class='ocrx_word' id='word_1_144' title='bbox 54 2792 210 2891; x_wconf 79' lang='lat' dir='ltr'>pyreum</span> <span class='ocrx_word' id='word_1_145' title='bbox 237 2786 279 2861; x_wconf 87' lang='lat' dir='ltr'>fit</span> <span class='ocrx_word' id='word_1_146' title='bbox 303 2786 535 2889; x_wconf 87' lang='lat' dir='ltr'>supremum,</span> <span class='ocrx_word' id='word_1_147' title='bbox 561 2786 736 2885; x_wconf 82' lang='lat' dir='ltr'>sunulque</span> <span class='ocrx_word' id='word_1_148' title='bbox 762 2792 913 2867; x_wconf 82' lang='lat' dir='ltr'>tertium</span> 
     </span>
     <span class='ocr_line' id='line_1_27' title="bbox 55 2884 912 2989; baseline 0.001 -26"><span class='ocrx_word' id='word_1_149' title='bbox 55 2905 293 2989; x_wconf 86' lang='lat' dir='ltr'>nuncupetur</span> <span class='ocrx_word' id='word_1_150' title='bbox 316 2934 328 2972; x_wconf 92' lang='lat'>‚</span> <span class='ocrx_word' id='word_1_151' title='bbox 366 2884 502 2959; x_wconf 83' lang='lat' dir='ltr'>nonnifi</span> <span class='ocrx_word' id='word_1_152' title='bbox 525 2886 630 2958; x_wconf 84' lang='lat' dir='ltr'>&#39;duo&#39;</span> <span class='ocrx_word' id='word_1_153' title='bbox 650 2906 780 2984; x_wconf 86' lang='lat' dir='ltr'>praeter</span> <span class='ocrx_word' id='word_1_154' title='bbox 810 2889 912 2980; x_wconf 88' lang='lat' dir='ltr'>hoc,</span> 
     </span>
     <span class='ocr_line' id='line_1_28' title="bbox 56 2983 917 3089; baseline -0.002 -24"><span class='ocrx_word' id='word_1_155' title='bbox 56 2988 154 3089; x_wconf 84' lang='lat' dir='ltr'>iique</span> <span class='ocrx_word' id='word_1_156' title='bbox 193 2983 383 3062; x_wconf 84' lang='lat' dir='ltr'>inferiores</span> <span class='ocrx_word' id='word_1_157' title='bbox 427 2984 512 3058; x_wconf 88' lang='lat' dir='ltr'>coeli</span> <span class='ocrx_word' id='word_1_158' title='bbox 561 2983 643 3057; x_wconf 82' lang='lat' dir='ltr'>sunt</span> <span class='ocrx_word' id='word_1_159' title='bbox 682 2984 917 3066; x_wconf 64' lang='lat' dir='ltr'>admittenda·</span> 
     </span>
     <span class='ocr_line' id='line_1_29' title="bbox 58 3079 915 3262; baseline -0.002 -97"><span class='ocrx_word' id='word_1_160' title='bbox 58 3089 126 3197; x_wconf 82' lang='lat' dir='ltr'>Sed</span> <span class='ocrx_word' id='word_1_161' title='bbox 153 3084 282 3187; x_wconf 86' lang='lat' dir='ltr'>quales</span> <span class='ocrx_word' id='word_1_162' title='bbox 308 3079 391 3159; x_wconf 74' lang='lat' dir='ltr'>illi?</span> <span class='ocrx_word' id='word_1_163' title='bbox 426 3084 498 3159; x_wconf 78' lang='lat' dir='ltr'>hus</span> <span class='ocrx_word' id='word_1_164' title='bbox 516 3082 636 3160; x_wconf 85' lang='lat' dir='ltr'>rursus</span> <span class='ocrx_word' id='word_1_165' title='bbox 668 3084 784 3191; x_wconf 83' lang='lat' dir='ltr'>digito</span> <span class='ocrx_word' id='word_1_166' title='bbox 811 3109 915 3262; x_wconf 69' lang='lat' dir='ltr'>rqon-</span> 
     </span>
    </p>

    <p class='ocr_par' dir='ltr' id='par_1_4' title="bbox 539 3210 913 3269">
     <span class='ocr_line' id='line_1_30' title="bbox 539 3210 913 3269; baseline 0.016 -5"><span class='ocrx_word' id='word_1_167' title='bbox 539 3210 542 3215; x_wconf 83' lang='lat'>&#39;</span> <span class='ocrx_word' id='word_1_168' title='bbox 718 3215 721 3220; x_wconf 83' lang='lat'>&#39;</span> <span class='ocrx_word' id='word_1_169' title='bbox 858 3210 913 3269; x_wconf 75' lang='lat' dir='ltr'>rat</span> 
     </span>
    </p>
   </div>
   <div class='ocr_carea' id='block_1_4' title="bbox 157 3286 587 3413">
    <p class='ocr_par' dir='ltr' id='par_1_5' title="bbox 157 3286 587 3413">
     <span class='ocr_line' id='line_1_31' title="bbox 157 3286 587 3413; baseline -0.012 -20"><span class='ocrx_word' id='word_1_170' title='bbox 157 3324 226 3413; x_wconf 76' lang='lat' dir='ltr'>(n)</span> <span class='ocrx_word' id='word_1_171' title='bbox 251 3344 281 3393; x_wconf 80' lang='lat'>2.</span> <span class='ocrx_word' id='word_1_172' title='bbox 305 3318 439 3392; x_wconf 70' lang='lat' dir='ltr'>Corinth.</span> <span class='ocrx_word' id='word_1_173' title='bbox 458 3308 505 3396; x_wconf 70' lang='lat' dir='ltr'>rat</span> <span class='ocrx_word' id='word_1_174' title='bbox 582 3286 587 3293; x_wconf 12' lang='grc' dir='ltr'>ἦ</span> 
     </span>
    </p>
   </div>
   <div class='ocr_carea' id='block_1_5' title="bbox 0 0 1048 3682">
    <p class='ocr_par' dir='ltr' id='par_1_6' title="bbox 0 0 1048 3682">
     <span class='ocr_line' id='line_1_32' title="bbox 0 0 1048 3682; baseline 0 0"><span class='ocrx_word' id='word_1_175' title='bbox 0 0 1048 3682; x_wconf 95' lang='lat' dir='ltr'> </span> 
     </span>
    </p>
   </div>
  </div>
 </body>
</html>
