2086 3682
388 120 647 273 Geogruphia.
710 152 714 157 ·
747 70 753 83 .
870 102 927 245 93

73 283 324 404 transtulerit,
356 308 466 387 atque
490 293 542 365 ita
567 292 737 378 urbium,
769 267 927 393 populo·

68 412 181 474 rum,
207 389 476 485 prov1nciarum
507 412 754 490 regnorumve
780 395 928 469 nomina

68 488 192 588 priscis
220 485 448 561 successerint
463 495 592 582 nova)
611 488 925 591 Politicainquam
989 578 992 583 ,

67 589 154 662 haec
171 587 323 687 partitio
346 584 476 663 merito
499 589 534 662 in
565 586 728 663 Veterem
752 612 922 691 quoque,

65 684 226 761 Medium
247 685 285 759 &
308 683 452 761 Novam
475 686 751 762 discriminatur.
806 691 924 766 Vere«

65 789 112 861 ris
135 781 301 860 officium
328 781 396 871 est,
428 784 509 859 loca
533 784 777 886 locorumque
804 791 923 864 nomi·

65 909 111 960 ua
134 883 340 971 recensere,
380 909 409 958 ar
428 884 557 958 Mundi
582 889 733 962 exordio
760 888 806 962 ad
828 887 921 963 illud

65 983 180 1084 ulipue
206 1001 327 1057 aevum
353 980 496 1073 ustura,
510 1007 586 1082 quo
611 986 826 1060 Monarchia
849 988 922 1063 Ro·

66 1108 172 1160 mana
196 1084 341 1156 initium
368 1081 496 1155 duxit:
526 1084 656 1156 Mediae
680 1105 770 1157 vero
795 1086 922 1163 Caroli

65 1184 115 1259 M.
142 1202 232 1256 aetas
266 1184 462 1258 terminum
495 1182 628 1279 ponit,
661 1181 750 1255 dum
781 1182 922 1260 intereat
984 1260 986 1265 .

65 1280 263 1382 temporis,
297 1279 431 1356 scilicet
454 1307 475 1356 a
497 1282 712 1361 Monarchia
737 1280 783 1365 ad
807 1262 952 1377 hujus*

62 1380 176 1481 usque
200 1383 422 1481 Imperium,
447 1379 657 1479 frequentes
684 1381 919 1460 barbararum

62 1484 229 1584 gentium
253 1481 473 1578 irruptiones
497 1496 617 1579 regna'
642 1480 681 1554 &
703 1481 813 1555 urbes
840 1480 921 1555 sub·

62 1600 266 1666 verterunt,
292 1578 514 1676 confusoque
541 1580 715 1656 idiomate
730 1579 917 1656 novavel·

61 1694 252 1756 ueterum
277 1669 389 1752 facies
416 1679 494 1752 orbi
519 1676 591 1751 fuit
614 1676 774 1752 inducia.
847 1680 916 1754 Re·

62 1803 149 1857 cens
194 1779 353 1876 denique
392 1775 451 1853 seu
488 1779 598 1853 Nova
630 1775 916 1878 compleffltur,

61 1902 145 1980 quae
177 1900 246 1952 nos
275 1878 437 1952 vivimus
467 1895 645 1975 tempora.
726 1880 916 1974 Quoniam

59 2001 152 2054 vero
183 1978 258 2064 ‘ida
296 1978 394 2075 quod
424 1974 631 2075 Philosophi
654 1996 791 2051 vocant
816 1976 917 2072 obje-

60 2074 161 2151 stum
178 2073 345 2162 scientiae,
362 2076 607 2174 Geographiae
630 2073 728 2145 aliud
752 2096 826 2146 non
846 2075 918 2163 est,

59 2198 174 2276 quam
205 2174 335 2274 globus
361 2194 506 2257 eterra
534 2173 571 2244 &
605 2171 708 2267 aquis
740 2174 918 2271 compost.

58 2295 155 2362 tus,
187 2276 234 2348 ad
254 2271 488 2358 matheseos,
520 2290 658 2344 naturae
683 2291 726 2343 ac
757 2269 915 2369 politicae

58 2374 161 2492 leges
190 2374 266 2453 rite,
285 2372 564 2456 conformatus,
598 2391 717 2469 operae
753 2371 915 2467 pretium

59 2493 156 2558 ent,
186 2473 296 2564 hujus
318 2473 591 2571 peripheriam‚
622 2466 845 2567 superficiem
869 2493 916 2544 ac

60 2571 281 2647 soliditatem
317 2573 441 2670 paucis
480 2591 699 2668 exponere,
746 2571 917 2668 quamvis

59 2672 260 2773 negotium·
291 2670 365 2755 hoc
405 2668 635 2766 Geographis
676 2690 811 2766 magno
848 2690 915 2766 per

58 2772 179 2845 multa
205 2768 323 2844 secula
347 2770 482 2853 labore,
498 2786 631 2839 vocata
658 2768 768 2840 etiam
782 2767 819 2838 in
837 2767 916 2839 lub-
965 2796 967 2800 ’

58 2868 187 2944 fidium
213 2869 443 2952 Geometria,
468 2864 678 2939 constiterit.
728 2865 836 2937 Hanc
852 2886 917 2938 au·

57 2989 144 3045 tem-
162 2968 213 3044 illi
237 2968 336 3044 viam
363 2968 558 3047 iniverunt.
609 2962 771 3038 Divisere
795 2962 915 3063 primo

59 3069 251 3154 circulum,
262 3067 326 3164 qui
349 3066 474 3141 orbem
501 3061 819 3139 terraeuniversum
835 3083 914 3135 am·

59 3167 138 3262 bit,-
171 3171 211 3245 in
238 3167 374 3269 gradus
401 3172 496 3261 360.
521 3183 710 3262 quumque
736 3159 915 3236 constanti
964 3251 970 3260 ι
1022 3257 1025 3271 ¹

851 3279 912 3339 nt·
