2086 3682
253 131 565 245 Arnlitebinnica
589 122 731 228 Gallis.
873 164 959 257 257

92 350 120 394 „
135 322 252 376 unam
283 300 392 388 virili,
419 299 571 376 alteram
597 302 764 377 muliebri
786 302 961 379 subtilita-

93 450 121 491 ‚,
137 425 178 478 tc
204 400 243 475 δι
266 422 401 475 ornatu
424 399 707 502 symmetriaque
735 400 816 475 sunt
840 405 959 479 imita·

91 549 116 591 „
140 502 183 575 ti.
258 502 300 573 Id
328 521 454 575 autem
480 525 618 600 genus,
638 502 749 600 'quod
772 502 882 600 Jones
907 502 960 577 fe·

91 647 118 690 ,‚
135 619 296 688 cerunt,
332 601 453 702 primo
481 603 672 774 [lonicum
707 597 757 675 est
796 602 961 677 nomina·

87 720 238 792 „tum
262 746 291 788 „
363 700 479 775 Corin
525 701 596 775 ius.
621 725 737 788 vcro,
765 701 827 798 qui
854 699 960 775 Ordo

92 798 370 876 Callimachum
394 795 583 875 auctorem
608 802 754 887 habuit,
780 800 817 874 bt
844 798 962 875 veluti

93 900 300 999 virgineam
325 899 481 998 speciem
510 898 643 986 refert,
669 900 773 1000 queis
796 898 962 1000 gracilio-

92 1022 143 1074 m>
158 998 324 1073 membra
345 997 514 1100 indulget
539 1020 683 1088 natura,
707 998 812 1073 sexus
834 1017 963 1073 autern

94 1097 261 1174 conditio
287 1096 533 1172 venustiorem
560 1097 725 1197 corporis
744 1117 960 1185 amatum-a

90 1200 164 1275 hac
202 1196 346 1271 ratione
378 1198 554 1272 inventus
591 1194 694 1274 fuiiie
725 1222 747 1272 a
779 1196 959 1271 Vitruvio

90 1296 286 1397 panditur:
322 1314 365 1386 ·‚,
391 1298 510 1397 Virgo
533 1296 627 1373 civis
653 1297 860 1392 Corinthia,
886 1295 961 1393 jam

91 1415 281 1487 „matura
312 1396 454 1495 nuptiis
479 1395 662 1497 implicita
684 1400 814 1475 morbo
839 1399 962 1473 deces-

89 1545 118 1587 ‚,
136 1494 190 1570 fit.
253 1494 336 1572 Post
358 1494 581 1597 sepulturam
604 1497 685 1594 ejus
698 1545 732 1589 ,,
755 1497 890 1599 quibus
916 1521 961 1577 ca

91 1643 118 1686 ‚,
137 1596 228 1670 viva
252 1592 697 1695 poculis,de'le&abatur,
734 1597 860 1673 nutrix
886 1599 960 1674 col·

89 1690 243 1785 „rem
262 1695 302 1769 bt
332 1695 540 1796 composita
566 1697 605 1771 in
631 1696 780 1774 calatho
806 1696 962 1797 pertulit
1032 1790 1036 1797 ,

88 1794 186 1885 „ad
210 1800 518 1884 monumentum,
550 1796 590 1897 ὃς
612 1799 651 1872 in
675 1796 819 1873 summo
845 1797 958 1874 collo·

88 1942 115 1989 „
131 1895 262 1982 cavit,
300 1892 338 1968 δι
379 1914 425 1969 ut
456 1919 501 1971 ca
525 1918 785 1994 permanerent
819 1897 960 1975 diutius

87 2040 118 2084 „
134 1994 201 2067 sub
226 1991 311 2081 dio,
338 1993 465 2092 tegula
489 1994 606 2068 texitz
633 1995 665 2067 is
690 1995 858 2071 calathus
884 1994 956 2070 for·

89 2141 114 2183 „
128 2094 230 2168 tuito
253 2090 360 2192 supra
386 2091 535 2164 acanthi
561 2092 726 2164 radicem
740 2092 863 2165 luerat
883 2094 963 2169 col.

88 2190 290 2283 ‚‚locatus.
354 2190 507 2265 Interim
531 2191 694 2290 pondere
719 2188 962 2289 pitellaradix

58 2324 60 2331 ·
88 2336 115 2383 ‚‚
130 2292 282 2368 athanai
304 2291 427 2367 media
451 2288 541 2366 iolia
555 2322 560 2359 ε
574 2287 845 2365 &cauliculos
863 2290 964 2376 circa

91 2414 295 2483 „remum
320 2410 469 2494 tempus
494 2388 679 2492 profudit,
709 2390 815 2489 cujus
848 2390 962 2468 cauli·

89 2540 114 2581 „
129 2491 205 2566 culi
239 2489 437 2566 secundum
474 2491 610 2566 calathi
649 2489 766 2568 latera
798 2492 960 2579 crescen-

89 2614 125 2683 ·‚,·
136 2611 209 2679 tes,
238 2590 278 2666 bt
302 2593 346 2693 ab
361 2589 513 2693 angulis
539 2589 673 2690 tegulae
697 2593 874 2691 ponderis·
894 2616 960 2669 ne·
984 2646 988 2651 -

94 2738 118 2779 ‚‚
132 2685 311 2777 ccffitatc'
331 2686 484 2789 expreffi
516 2687 673 2765 flexuras
704 2692 744 2766 in
774 2701 960 2770 extremas

93 2840 116 2879 ,‚
154 2811 254 2866 artes
289 2788 502 2867 volutarum
548 2788 670 2865 facere
709 2788 792 2866 sunt
828 2788 957 2867 coacti.

90 2937 115 2979 ‚‚
129 2814 241 2983 lunc
267 2888 529 2968 Callimachus,
549 2890 612 2986 qui
635 2909 788 2990 propter
813 2888 961 2991 elegan-

89 2991 224 3079 „tiam
251 2989 292 3063 bc
317 2986 554 3064 subtilitatem
579 2986 961 3079 artis'marm'oreaeab

89 3137 115 3179 ,‚
130 3086 416 3164 Athenienfibus
452 3081 724 3170 Cncbizotecnor
749 3086 871 3162 fuerat
895 3094 965 3164 nui

91 3234 116 3277 a
134 3191 311 3278 minatus,
338 3188 547 3288 pratellens
570 3189 649 3265 hnc
673 3206 963 3273 monumentum

801 3337 826 3378 ‚,
846 3290 959 3371 anim-
