<?xml version="1.0" encoding="UTF-8"?>
<!DOCTYPE html PUBLIC "-//W3C//DTD XHTML 1.0 Transitional//EN"
    "http://www.w3.org/TR/xhtml1/DTD/xhtml1-transitional.dtd">
<html xmlns="http://www.w3.org/1999/xhtml" xml:lang="en" lang="en">
 <head>
  <title>
</title>
<meta http-equiv="Content-Type" content="text/html;charset=utf-8" />
  <meta name='ocr-system' content='tesseract 3.04.00' />
  <meta name='ocr-capabilities' content='ocr_page ocr_carea ocr_par ocr_line ocrx_word'/>
</head>
<body>
  <div class='ocr_page' id='page_1' title='image "./bibliothecadome02manngoog_0051.png"; bbox 0 0 2086 3682; ppageno 0'>
   <div class='ocr_carea' id='block_1_1' title="bbox 149 96 1012 589">
    <p class='ocr_par' dir='ltr' id='par_1_1' title="bbox 149 89 1011 388">
     <span class='ocr_line' id='line_1_1' title="bbox 160 96 942 240; baseline 0.004 -29"><span class='ocrx_word' id='word_1_1' title='bbox 160 152 214 211; x_wconf 87' lang='lat'>10</span> <span class='ocrx_word' id='word_1_2' title='bbox 378 96 506 240; x_wconf 71' lang='lat' dir='ltr'><strong>Caput</strong></span> <span class='ocrx_word' id='word_1_3' title='bbox 536 121 570 213; x_wconf 87' lang='lat' dir='ltr'>I.</span> <span class='ocrx_word' id='word_1_4' title='bbox 600 102 824 221; x_wconf 71' lang='lat' dir='ltr'>Emanium</span> <span class='ocrx_word' id='word_1_5' title='bbox 914 108 942 187; x_wconf 54' lang='grc' dir='ltr'><em>ὗ</em></span> 
     </span>
     <span class='ocr_line' id='line_1_2' title="bbox 149 282 1011 388; baseline 0.008 -30"><span class='ocrx_word' id='word_1_6' title='bbox 149 282 365 382; x_wconf 71' lang='lat' dir='ltr'><strong>jundarum</strong></span> <span class='ocrx_word' id='word_1_7' title='bbox 414 288 518 388; x_wconf 89' lang='lat' dir='ltr'>origo</span> <span class='ocrx_word' id='word_1_8' title='bbox 557 285 619 363; x_wconf 89' lang='lat' dir='ltr'>est.</span> <span class='ocrx_word' id='word_1_9' title='bbox 694 288 789 363; x_wconf 87' lang='lat' dir='ltr'><strong>Mira</strong></span> <span class='ocrx_word' id='word_1_10' title='bbox 818 290 930 373; x_wconf 85' lang='lat' dir='ltr'>enim</span> <span class='ocrx_word' id='word_1_11' title='bbox 952 291 1011 365; x_wconf 79' lang='lat' dir='ltr'>vis</span> 
     </span>
    </p>

    <p class='ocr_par' dir='ltr' id='par_1_2' title="bbox 153 384 1011 490">
     <span class='ocr_line' id='line_1_3' title="bbox 153 384 1011 490; baseline 0.006 -32"><span class='ocrx_word' id='word_1_12' title='bbox 153 384 212 460; x_wconf 85' lang='lat' dir='ltr'>seu</span> <span class='ocrx_word' id='word_1_13' title='bbox 237 406 388 461; x_wconf 73' lang='lat' dir='ltr'>naturaev</span> <span class='ocrx_word' id='word_1_14' title='bbox 411 385 469 461; x_wconf 86' lang='lat' dir='ltr'>seu</span> <span class='ocrx_word' id='word_1_15' title='bbox 503 387 657 462; x_wconf 89' lang='lat' dir='ltr'><strong>humani</strong></span> <span class='ocrx_word' id='word_1_16' title='bbox 693 384 745 473; x_wconf 86' lang='lat' dir='ltr'>est</span> <span class='ocrx_word' id='word_1_17' title='bbox 775 389 934 490; x_wconf 85' lang='lat' dir='ltr'>ingenii,</span> <span class='ocrx_word' id='word_1_18' title='bbox 964 391 1011 468; x_wconf 90' lang='lat' dir='ltr'>ab</span> 
     </span>
    </p>

    <p class='ocr_par' dir='ltr' id='par_1_3' title="bbox 153 484 1012 589">
     <span class='ocr_line' id='line_1_4' title="bbox 153 484 1012 589; baseline 0.002 -30"><span class='ocrx_word' id='word_1_19' title='bbox 153 484 228 585; x_wconf 90' lang='lat' dir='ltr'>ipso</span> <span class='ocrx_word' id='word_1_20' title='bbox 255 488 422 560; x_wconf 84' lang='lat' dir='ltr'>Authore</span> <span class='ocrx_word' id='word_1_21' title='bbox 449 487 529 561; x_wconf 87' lang='lat' dir='ltr'>Deo</span> <span class='ocrx_word' id='word_1_22' title='bbox 558 488 696 575; x_wconf 90' lang='lat' dir='ltr'>indita,</span> <span class='ocrx_word' id='word_1_23' title='bbox 730 511 803 586; x_wconf 90' lang='lat' dir='ltr'>qua</span> <span class='ocrx_word' id='word_1_24' title='bbox 831 512 857 571; x_wconf 70' lang='lat' dir='ltr'>e</span> <span class='ocrx_word' id='word_1_25' title='bbox 883 487 1012 589; x_wconf 76' lang='lat' dir='ltr'><strong>simpli-</strong></span> 
     </span>
    </p>
   </div>
   <div class='ocr_carea' id='block_1_2' title="bbox 63 580 1011 784">
    <p class='ocr_par' dir='ltr' id='par_1_4' title="bbox 63 580 1011 784">
     <span class='ocr_line' id='line_1_5' title="bbox 63 580 1011 684; baseline 0.001 -25"><span class='ocrx_word' id='word_1_26' title='bbox 63 580 81 634; x_wconf 82' lang='lat'>&#39;·</span> <span class='ocrx_word' id='word_1_27' title='bbox 153 581 297 683; x_wconf 78' lang='lat' dir='ltr'><strong>ciffimis</strong></span> <span class='ocrx_word' id='word_1_28' title='bbox 321 584 527 684; x_wconf 83' lang='lat' dir='ltr'><strong>primordiis</strong></span> <span class='ocrx_word' id='word_1_29' title='bbox 563 586 761 661; x_wconf 88' lang='lat' dir='ltr'>accedente</span> <span class='ocrx_word' id='word_1_30' title='bbox 797 587 884 660; x_wconf 88' lang='lat' dir='ltr'>scita</span> <span class='ocrx_word' id='word_1_31' title='bbox 908 610 1011 662; x_wconf 86' lang='lat' dir='ltr'>corn·</span> 
     </span>
     <span class='ocr_line' id='line_1_6' title="bbox 151 683 1009 784; baseline 0.002 -25"><span class='ocrx_word' id='word_1_32' title='bbox 151 683 328 784; x_wconf 83' lang='lat' dir='ltr'>pofitione</span> <span class='ocrx_word' id='word_1_33' title='bbox 363 686 523 759; x_wconf 81' lang='lat' dir='ltr'><strong>maxima</strong></span> <span class='ocrx_word' id='word_1_34' title='bbox 547 689 681 759; x_wconf 88' lang='lat' dir='ltr'><strong>artium</strong></span> <span class='ocrx_word' id='word_1_35' title='bbox 715 684 1009 762; x_wconf 87' lang='lat' dir='ltr'>&amp;scientiarum</span> 
     </span>
    </p>
   </div>
   <div class='ocr_carea' id='block_1_3' title="bbox 17 781 602 884">
    <p class='ocr_par' dir='ltr' id='par_1_5' title="bbox 17 781 602 884">
     <span class='ocr_line' id='line_1_7' title="bbox 17 781 602 884; baseline -0.003 -25"><span class='ocrx_word' id='word_1_36' title='bbox 17 862 24 875; x_wconf 66' lang='grc'><em>,</em></span> <span class='ocrx_word' id='word_1_37' title='bbox 148 807 260 884; x_wconf 84' lang='lat' dir='ltr'>opera</span> <span class='ocrx_word' id='word_1_38' title='bbox 282 781 602 884; x_wconf 78' lang='lat' dir='ltr'>fueruntegreiia.</span> 
     </span>
    </p>
   </div>
   <div class='ocr_carea' id='block_1_4' title="bbox 19 929 1038 3289">
    <p class='ocr_par' dir='ltr' id='par_1_6' title="bbox 19 929 1038 3289">
     <span class='ocr_line' id='line_1_8' title="bbox 140 929 1033 1029; baseline 0.008 -24"><span class='ocrx_word' id='word_1_39' title='bbox 140 938 164 953; x_wconf 86' lang='lat'>&#39;&#39;</span> <span class='ocrx_word' id='word_1_40' title='bbox 246 931 304 1005; x_wconf 88' lang='lat' dir='ltr'>Sic</span> <span class='ocrx_word' id='word_1_41' title='bbox 337 949 424 1005; x_wconf 92' lang='lat' dir='ltr'>nata</span> <span class='ocrx_word' id='word_1_42' title='bbox 455 929 726 1029; x_wconf 84' lang='lat' dir='ltr'>constitutaque</span> <span class='ocrx_word' id='word_1_43' title='bbox 758 929 904 1006; x_wconf 87' lang='lat' dir='ltr'>scientia</span> <span class='ocrx_word' id='word_1_44' title='bbox 928 933 1033 1013; x_wconf 50' lang='lat' dir='ltr'>haec&#39;</span> 
     </span>
     <span class='ocr_line' id='line_1_9' title="bbox 64 1025 1004 1130; baseline 0.002 -27"><span class='ocrx_word' id='word_1_45' title='bbox 64 1119 65 1123; x_wconf 7' lang='grc' dir='ltr'><strong>Ἴ</strong></span> <span class='ocrx_word' id='word_1_46' title='bbox 147 1025 229 1104; x_wconf 88' lang='lat' dir='ltr'>sane</span> <span class='ocrx_word' id='word_1_47' title='bbox 256 1026 469 1104; x_wconf 82' lang='lat' dir='ltr'>nobiiissima</span> <span class='ocrx_word' id='word_1_48' title='bbox 501 1032 580 1123; x_wconf 81' lang='lat' dir='ltr'>jure</span> <span class='ocrx_word' id='word_1_49' title='bbox 611 1033 752 1130; x_wconf 92' lang='lat' dir='ltr'>optimo</span> <span class='ocrx_word' id='word_1_50' title='bbox 780 1032 901 1105; x_wconf 89' lang='lat' dir='ltr'><strong>Mater</strong></span> <span class='ocrx_word' id='word_1_51' title='bbox 928 1055 1004 1115; x_wconf 89' lang='lat' dir='ltr'>orn·</span> 
     </span>
     <span class='ocr_line' id='line_1_10' title="bbox 126 1127 1002 1230; baseline 0.003 -28"><span class='ocrx_word' id='word_1_52' title='bbox 126 1131 248 1202; x_wconf 62' lang='lat' dir='ltr'>anium</span> <span class='ocrx_word' id='word_1_53' title='bbox 274 1127 414 1204; x_wconf 70' lang='lat' dir='ltr'>salutari</span> <span class='ocrx_word' id='word_1_54' title='bbox 468 1129 572 1219; x_wconf 87' lang='lat' dir='ltr'>otest,</span> <span class='ocrx_word' id='word_1_55' title='bbox 597 1151 730 1230; x_wconf 89' lang='lat' dir='ltr'>utpote</span> <span class='ocrx_word' id='word_1_56' title='bbox 754 1153 834 1230; x_wconf 80' lang='lat' dir='ltr'>quae</span> <span class='ocrx_word' id='word_1_57' title='bbox 853 1132 891 1205; x_wconf 88' lang='lat' dir='ltr'>in</span> <span class='ocrx_word' id='word_1_58' title='bbox 910 1127 1002 1205; x_wconf 61' lang='lat' dir='ltr'><strong>sum,</strong></span> 
     </span>
     <span class='ocr_line' id='line_1_11' title="bbox 50 1226 1004 1327; baseline 0.001 -23"><span class='ocrx_word' id='word_1_59' title='bbox 50 1296 55 1304; x_wconf 88' lang='lat'><strong>.</strong></span> <span class='ocrx_word' id='word_1_60' title='bbox 93 1258 97 1274; x_wconf 70' lang='lat'><strong><em>¹</em></strong></span> <span class='ocrx_word' id='word_1_61' title='bbox 140 1242 253 1302; x_wconf 76' lang='lat' dir='ltr'>‘moe</span> <span class='ocrx_word' id='word_1_62' title='bbox 305 1228 409 1303; x_wconf 85' lang='lat' dir='ltr'>lutati</span> <span class='ocrx_word' id='word_1_63' title='bbox 439 1251 519 1302; x_wconf 86' lang='lat' dir='ltr'>rmae</span> <span class='ocrx_word' id='word_1_64' title='bbox 541 1228 709 1305; x_wconf 84' lang='lat' dir='ltr'>veritatis</span> <span class='ocrx_word' id='word_1_65' title='bbox 734 1231 837 1327; x_wconf 87' lang='lat' dir='ltr'>apico</span> <span class='ocrx_word' id='word_1_66' title='bbox 859 1228 921 1303; x_wconf 82' lang='lat' dir='ltr'>sna</span> <span class='ocrx_word' id='word_1_67' title='bbox 951 1226 1004 1305; x_wconf 83' lang='lat' dir='ltr'>est</span> 
     </span>
     <span class='ocr_line' id='line_1_12' title="bbox 36 1328 1001 1426; baseline 0.004 -26"><span class='ocrx_word' id='word_1_68' title='bbox 36 1415 39 1419; x_wconf 67' lang='lat'><em>,</em></span> <span class='ocrx_word' id='word_1_69' title='bbox 141 1329 343 1425; x_wconf 83' lang='lat' dir='ltr'>univera:</span> <span class='ocrx_word' id='word_1_70' title='bbox 393 1328 491 1401; x_wconf 89' lang='lat' dir='ltr'>Nam</span> <span class='ocrx_word' id='word_1_71' title='bbox 516 1351 589 1426; x_wconf 88' lang='lat' dir='ltr'>prae</span> <span class='ocrx_word' id='word_1_72' title='bbox 625 1329 764 1404; x_wconf 85' lang='lat' dir='ltr'>caeteris</span> <span class='ocrx_word' id='word_1_73' title='bbox 797 1328 1001 1404; x_wconf 84' lang='lat' dir='ltr'>Mathema-</span> 
     </span>
     <span class='ocr_line' id='line_1_13' title="bbox 141 1423 1002 1525; baseline 0.006 -27"><span class='ocrx_word' id='word_1_74' title='bbox 141 1424 226 1525; x_wconf 72' lang='lat' dir='ltr'>ticae</span> <span class='ocrx_word' id='word_1_75' title='bbox 252 1423 446 1504; x_wconf 85' lang='lat' dir='ltr'>facultates</span> <span class='ocrx_word' id='word_1_76' title='bbox 481 1429 527 1502; x_wconf 90' lang='lat' dir='ltr'>ad</span> <span class='ocrx_word' id='word_1_77' title='bbox 551 1425 775 1503; x_wconf 85' lang='lat' dir='ltr'>inserendam</span> <span class='ocrx_word' id='word_1_78' title='bbox 800 1426 921 1504; x_wconf 85' lang='lat' dir='ltr'>animo</span> <span class='ocrx_word' id='word_1_79' title='bbox 948 1429 1002 1503; x_wconf 83' lang='lat' dir='ltr'>di·</span> 
     </span>
     <span class='ocr_line' id='line_1_14' title="bbox 141 1524 999 1629; baseline 0.008 -33"><span class='ocrx_word' id='word_1_80' title='bbox 141 1524 326 1623; x_wconf 88' lang='lat' dir='ltr'><strong>sciplinam</strong></span> <span class='ocrx_word' id='word_1_81' title='bbox 352 1526 492 1626; x_wconf 78' lang='lat' dir='ltr'>idoneae</span> <span class='ocrx_word' id='word_1_82' title='bbox 518 1526 621 1621; x_wconf 77' lang='lat' dir='ltr'>sunt,</span> <span class='ocrx_word' id='word_1_83' title='bbox 654 1551 698 1629; x_wconf 69' lang='lat' dir='ltr'>pc</span> <span class='ocrx_word' id='word_1_84' title='bbox 721 1526 886 1629; x_wconf 82' lang='lat' dir='ltr'><strong>fingulari</strong></span> <span class='ocrx_word' id='word_1_85' title='bbox 913 1550 999 1628; x_wconf 83' lang='lat' dir='ltr'><strong>prae·</strong></span> 
     </span>
     <span class='ocr_line' id='line_1_15' title="bbox 138 1624 999 1727; baseline 0.005 -29"><span class='ocrx_word' id='word_1_86' title='bbox 138 1625 308 1725; x_wconf 82' lang='lat' dir='ltr'>rogativa</span> <span class='ocrx_word' id='word_1_87' title='bbox 332 1627 468 1701; x_wconf 87' lang='lat' dir='ltr'>nomen</span> <span class='ocrx_word' id='word_1_88' title='bbox 496 1624 651 1702; x_wconf 75' lang='lat' dir='ltr'>scientia</span> <span class='ocrx_word' id='word_1_89' title='bbox 675 1645 886 1715; x_wconf 87' lang='lat' dir='ltr'>merentur,</span> <span class='ocrx_word' id='word_1_90' title='bbox 913 1627 999 1727; x_wconf 89' lang='lat' dir='ltr'><strong>quia</strong></span> 
     </span>
     <span class='ocr_line' id='line_1_16' title="bbox 138 1723 999 1827; baseline 0.002 -29"><span class='ocrx_word' id='word_1_91' title='bbox 138 1745 205 1824; x_wconf 90' lang='lat' dir='ltr'>per</span> <span class='ocrx_word' id='word_1_92' title='bbox 228 1723 577 1801; x_wconf 87' lang='lat' dir='ltr'>demonstrationum</span> <span class='ocrx_word' id='word_1_93' title='bbox 602 1726 915 1827; x_wconf 85' lang='lat' dir='ltr'><strong>&amp;principiorum</strong></span> <span class='ocrx_word' id='word_1_94' title='bbox 932 1748 999 1800; x_wconf 89' lang='lat' dir='ltr'>no·</span> 
     </span>
     <span class='ocr_line' id='line_1_17' title="bbox 136 1822 996 1922; baseline 0 -26"><span class='ocrx_word' id='word_1_95' title='bbox 136 1830 262 1897; x_wconf 76' lang='lat' dir='ltr'>‘torum</span> <span class='ocrx_word' id='word_1_96' title='bbox 297 1825 406 1905; x_wconf 83' lang='lat' dir='ltr'><strong>viam·</strong></span> <span class='ocrx_word' id='word_1_97' title='bbox 423 1822 675 1904; x_wconf 85' lang='lat' dir='ltr'>securiffimam</span> <span class='ocrx_word' id='word_1_98' title='bbox 712 1824 920 1922; x_wconf 88' lang='lat' dir='ltr'>procedunt</span> <span class='ocrx_word' id='word_1_99' title='bbox 950 1825 996 1897; x_wconf 87' lang='lat' dir='ltr'>ad</span> 
     </span>
     <span class='ocr_line' id='line_1_18' title="bbox 136 1923 997 2024; baseline 0.005 -28"><span class='ocrx_word' id='word_1_100' title='bbox 136 1923 386 2023; x_wconf 83' lang='lat' dir='ltr'>cognitionem</span> <span class='ocrx_word' id='word_1_101' title='bbox 410 1942 588 2012; x_wconf 77' lang='lat' dir='ltr'>eorum,</span> <span class='ocrx_word' id='word_1_102' title='bbox 626 1945 707 2024; x_wconf 85' lang='lat' dir='ltr'>quae</span> <span class='ocrx_word' id='word_1_103' title='bbox 739 1924 863 1995; x_wconf 72' lang='lat' dir='ltr'>&#39;minua</span> <span class='ocrx_word' id='word_1_104' title='bbox 906 1941 997 2002; x_wconf 87' lang='lat' dir='ltr'>nota</span> 
     </span>
     <span class='ocr_line' id='line_1_19' title="bbox 133 2018 1001 2125; baseline 0.005 -30"><span class='ocrx_word' id='word_1_105' title='bbox 133 2020 245 2109; x_wconf 90' lang='lat' dir='ltr'>sunt,</span> <span class='ocrx_word' id='word_1_106' title='bbox 281 2042 325 2097; x_wconf 89' lang='lat' dir='ltr'>ut</span> <span class='ocrx_word' id='word_1_107' title='bbox 359 2023 399 2106; x_wconf 75' lang='lat' dir='ltr'>dc</span> <span class='ocrx_word' id='word_1_108' title='bbox 434 2023 508 2125; x_wconf 84' lang='lat' dir='ltr'><strong>ipsa</strong></span> <span class='ocrx_word' id='word_1_109' title='bbox 537 2019 627 2097; x_wconf 85' lang='lat' dir='ltr'>fiant</span> <span class='ocrx_word' id='word_1_110' title='bbox 657 2039 747 2096; x_wconf 90' lang='lat' dir='ltr'>nota</span> <span class='ocrx_word' id='word_1_111' title='bbox 779 2019 826 2097; x_wconf 82' lang='lat' dir='ltr'>dc·</span> <span class='ocrx_word' id='word_1_112' title='bbox 848 2018 1001 2100; x_wconf 70' lang='lat' dir='ltr'>manife-</span> 
     </span>
     <span class='ocr_line' id='line_1_20' title="bbox 134 2116 1038 2224; baseline -0.001 -28"><span class='ocrx_word' id='word_1_113' title='bbox 134 2118 186 2215; x_wconf 74' lang='lat' dir='ltr'>sta</span> <span class='ocrx_word' id='word_1_114' title='bbox 203 2144 229 2211; x_wconf 44' lang='lat'>3&gt;</span> <span class='ocrx_word' id='word_1_115' title='bbox 243 2143 318 2224; x_wconf 89' lang='lat' dir='ltr'>qua</span> <span class='ocrx_word' id='word_1_116' title='bbox 345 2121 522 2201; x_wconf 85' lang='lat' dir='ltr'>semelen</span> <span class='ocrx_word' id='word_1_117' title='bbox 550 2121 688 2197; x_wconf 89' lang='lat' dir='ltr'>nitione</span> <span class='ocrx_word' id='word_1_118' title='bbox 712 2138 817 2222; x_wconf 90' lang='lat' dir='ltr'><strong>parta</strong></span> <span class='ocrx_word' id='word_1_119' title='bbox 839 2116 993 2195; x_wconf 83' lang='lat' dir='ltr'>ulterius</span> <span class='ocrx_word' id='word_1_120' title='bbox 1034 2197 1038 2201; x_wconf 76' lang='grc'><strong>,</strong></span> 
     </span>
     <span class='ocr_line' id='line_1_21' title="bbox 131 2147 992 2322; baseline -0.005 -25"><span class='ocrx_word' id='word_1_121' title='bbox 131 2221 418 2322; x_wconf 85' lang='lat' dir='ltr'>progrediuntur</span> <span class='ocrx_word' id='word_1_122' title='bbox 441 2222 487 2294; x_wconf 91' lang='lat' dir='ltr'>ad</span> <span class='ocrx_word' id='word_1_123' title='bbox 513 2147 582 2295; x_wconf 59' lang='lat' dir='ltr'>aiia</span> <span class='ocrx_word' id='word_1_124' title='bbox 605 2218 878 2319; x_wconf 82' lang='lat' dir='ltr'>investiganda,</span> <span class='ocrx_word' id='word_1_125' title='bbox 912 2226 992 2318; x_wconf 73' lang='lat' dir='ltr'>qun</span> 
     </span>
     <span class='ocr_line' id='line_1_22' title="bbox 131 2319 992 2416; baseline 0 -21"><span class='ocrx_word' id='word_1_126' title='bbox 131 2319 256 2396; x_wconf 86' lang='lat' dir='ltr'><strong>adhuc</strong></span> <span class='ocrx_word' id='word_1_127' title='bbox 278 2319 400 2392; x_wconf 85' lang='lat' dir='ltr'><strong>minus</strong></span> <span class='ocrx_word' id='word_1_128' title='bbox 425 2336 530 2391; x_wconf 87' lang='lat' dir='ltr'>etant</span> <span class='ocrx_word' id='word_1_129' title='bbox 554 2336 669 2403; x_wconf 87' lang='lat' dir='ltr'>nota,</span> <span class='ocrx_word' id='word_1_130' title='bbox 704 2336 750 2389; x_wconf 89' lang='lat' dir='ltr'>ut</span> <span class='ocrx_word' id='word_1_131' title='bbox 774 2340 818 2390; x_wconf 85' lang='lat' dir='ltr'>ea</span> <span class='ocrx_word' id='word_1_132' title='bbox 841 2340 992 2416; x_wconf 85' lang='lat' dir='ltr'>quoquc</span> 
     </span>
     <span class='ocr_line' id='line_1_23' title="bbox 126 2414 1038 2505; baseline 0 -12"><span class='ocrx_word' id='word_1_133' title='bbox 126 2414 316 2495; x_wconf 84' lang='lat' dir='ltr'>manifesta</span> <span class='ocrx_word' id='word_1_134' title='bbox 346 2416 586 2505; x_wconf 88' lang='lat' dir='ltr'>reddantur,</span> <span class='ocrx_word' id='word_1_135' title='bbox 627 2417 746 2492; x_wconf 84' lang='lat' dir='ltr'>donec</span> <span class='ocrx_word' id='word_1_136' title='bbox 784 2416 841 2490; x_wconf 88' lang='lat' dir='ltr'>his</span> <span class='ocrx_word' id='word_1_137' title='bbox 874 2417 1038 2503; x_wconf 18' lang='lat' dir='ltr'>ueluti(¹</span> 
     </span>
     <span class='ocr_line' id='line_1_24' title="bbox 83 2507 1011 2621; baseline -0.002 -30"><span class='ocrx_word' id='word_1_138' title='bbox 83 2507 90 2524; x_wconf 83' lang='lat'>&#39;</span> <span class='ocrx_word' id='word_1_139' title='bbox 128 2515 302 2621; x_wconf 80' lang='lat' dir='ltr'>gradibus</span> <span class='ocrx_word' id='word_1_140' title='bbox 340 2513 590 2590; x_wconf 85' lang='lat' dir='ltr'><strong>admirabilem</strong></span> <span class='ocrx_word' id='word_1_141' title='bbox 626 2538 673 2589; x_wconf 90' lang='lat' dir='ltr'>ac·</span> <span class='ocrx_word' id='word_1_142' title='bbox 699 2534 837 2590; x_wconf 86' lang='lat' dir='ltr'>certam</span> <span class='ocrx_word' id='word_1_143' title='bbox 866 2538 1011 2611; x_wconf 78' lang='lat' dir='ltr'><strong>rerum</strong></span> 
     </span>
     <span class='ocr_line' id='line_1_25' title="bbox 19 2612 989 2713; baseline 0.001 -22"><span class='ocrx_word' id='word_1_144' title='bbox 19 2659 25 2665; x_wconf 93' lang='lat'>-</span> <span class='ocrx_word' id='word_1_145' title='bbox 130 2637 177 2691; x_wconf 90' lang='lat' dir='ltr'>co</span> <span class='ocrx_word' id='word_1_146' title='bbox 204 2613 381 2690; x_wconf 86' lang='lat' dir='ltr'>nitionem</span> <span class='ocrx_word' id='word_1_147' title='bbox 409 2612 682 2713; x_wconf 86' lang='lat' dir='ltr'>consequamur.</span> <span class='ocrx_word' id='word_1_148' title='bbox 741 2615 883 2690; x_wconf 89' lang='lat' dir='ltr'><strong>Verum</strong></span> <span class='ocrx_word' id='word_1_149' title='bbox 908 2616 989 2693; x_wconf 85' lang='lat' dir='ltr'>haec</span> 
     </span>
     <span class='ocr_line' id='line_1_26' title="bbox 122 2639 986 2813; baseline 0.001 -25"><span class='ocrx_word' id='word_1_150' title='bbox 122 2639 204 2813; x_wconf 45' lang='lat' dir='ltr'>ip&amp;</span> <span class='ocrx_word' id='word_1_151' title='bbox 242 2711 450 2789; x_wconf 83' lang='lat' dir='ltr'>Mathcseos</span> <span class='ocrx_word' id='word_1_152' title='bbox 497 2713 700 2811; x_wconf 84' lang='lat' dir='ltr'>praestantia</span> <span class='ocrx_word' id='word_1_153' title='bbox 744 2738 817 2789; x_wconf 94' lang='lat' dir='ltr'>non</span> <span class='ocrx_word' id='word_1_154' title='bbox 856 2737 986 2812; x_wconf 90' lang='lat' dir='ltr'><strong>parum</strong></span> 
     </span>
     <span class='ocr_line' id='line_1_27' title="bbox 26 2810 998 2906; baseline 0 -19"><span class='ocrx_word' id='word_1_155' title='bbox 26 2822 31 2833; x_wconf 73' lang='grc'><strong>“</strong></span> <span class='ocrx_word' id='word_1_156' title='bbox 94 2874 100 2884; x_wconf 92' lang='grc'><strong><em>.</em></strong></span> <span class='ocrx_word' id='word_1_157' title='bbox 127 2813 207 2906; x_wconf 80' lang='lat' dir='ltr'>ejus</span> <span class='ocrx_word' id='word_1_158' title='bbox 231 2810 349 2887; x_wconf 91' lang='lat' dir='ltr'>studio</span> <span class='ocrx_word' id='word_1_159' title='bbox 374 2812 449 2889; x_wconf 87' lang='lat' dir='ltr'><strong>visa</strong></span> <span class='ocrx_word' id='word_1_160' title='bbox 474 2811 524 2887; x_wconf 88' lang='lat' dir='ltr'>est</span> <span class='ocrx_word' id='word_1_161' title='bbox 549 2813 690 2899; x_wconf 75' lang='lat' dir='ltr'>obesse,</span> <span class='ocrx_word' id='word_1_162' title='bbox 717 2836 760 2886; x_wconf 92' lang='lat' dir='ltr'>ac</span> <span class='ocrx_word' id='word_1_163' title='bbox 783 2811 998 2887; x_wconf 86' lang='lat' dir='ltr'>multorum</span> 
     </span>
     <span class='ocr_line' id='line_1_28' title="bbox 119 2908 984 3012; baseline -0.016 -21"><span class='ocrx_word' id='word_1_164' title='bbox 119 2911 356 3012; x_wconf 72' lang='lat' dir='ltr'>‚ingeniorum</span> <span class='ocrx_word' id='word_1_165' title='bbox 383 2908 537 2991; x_wconf 80' lang='lat' dir='ltr'>conatus</span> <span class='ocrx_word' id='word_1_166' title='bbox 561 2914 667 2991; x_wconf 90' lang='lat' dir='ltr'>velut</span> <span class='ocrx_word' id='word_1_167' title='bbox 692 2913 814 2990; x_wconf 82' lang='lat' dir='ltr'>medio</span> <span class='ocrx_word' id='word_1_168' title='bbox 839 2912 876 2984; x_wconf 93' lang='lat' dir='ltr'>in</span> <span class='ocrx_word' id='word_1_169' title='bbox 900 2910 984 2999; x_wconf 56' lang='lat' dir='ltr'>curi</span> 
     </span>
     <span class='ocr_line' id='line_1_29' title="bbox 125 3008 984 3110; baseline -0.007 -19"><span class='ocrx_word' id='word_1_170' title='bbox 125 3008 165 3091; x_wconf 82' lang='lat' dir='ltr'>su</span> <span class='ocrx_word' id='word_1_171' title='bbox 187 3009 360 3086; x_wconf 87' lang='lat' dir='ltr'>destituit.</span> <span class='ocrx_word' id='word_1_172' title='bbox 413 3013 564 3087; x_wconf 74' lang='lat' dir='ltr'>=Terret</span> <span class='ocrx_word' id='word_1_173' title='bbox 598 3013 769 3090; x_wconf 88' lang='lat' dir='ltr'><strong>nimirum</strong></span> <span class='ocrx_word' id='word_1_174' title='bbox 796 3034 869 3084; x_wconf 91' lang='lat' dir='ltr'>non</span> <span class='ocrx_word' id='word_1_175' title='bbox 893 3034 984 3110; x_wconf 87' lang='lat' dir='ltr'><strong>pau·</strong></span> 
     </span>
     <span class='ocr_line' id='line_1_30' title="bbox 125 3108 984 3282; baseline -0.01 -89"><span class='ocrx_word' id='word_1_176' title='bbox 125 3131 190 3197; x_wconf 75' lang='lat' dir='ltr'>cos</span> <span class='ocrx_word' id='word_1_177' title='bbox 226 3111 302 3213; x_wconf 82' lang='lat' dir='ltr'>ipso</span> <span class='ocrx_word' id='word_1_178' title='bbox 334 3113 372 3188; x_wconf 85' lang='lat' dir='ltr'>in</span> <span class='ocrx_word' id='word_1_179' title='bbox 397 3110 522 3191; x_wconf 86' lang='lat' dir='ltr'>limine</span> <span class='ocrx_word' id='word_1_180' title='bbox 540 3115 609 3211; x_wconf 85' lang='lat' dir='ltr'>¹tei</span> <span class='ocrx_word' id='word_1_181' title='bbox 640 3108 839 3203; x_wconf 81' lang='lat' dir='ltr'><strong>sublimitas</strong></span> <span class='ocrx_word' id='word_1_182' title='bbox 854 3131 984 3282; x_wconf 74' lang='lat' dir='ltr'>‚snon</span> 
     </span>
     <span class='ocr_line' id='line_1_31' title="bbox 209 3224 981 3289; baseline 0.008 -6"><span class='ocrx_word' id='word_1_183' title='bbox 209 3258 220 3271; x_wconf 84' lang='lat'><em>.</em></span> <span class='ocrx_word' id='word_1_184' title='bbox 799 3224 818 3239; x_wconf 87' lang='grc'>“’</span> <span class='ocrx_word' id='word_1_185' title='bbox 893 3231 981 3289; x_wconf 65' lang='lat' dir='ltr'>ecus</span> 
     </span>
    </p>
   </div>
   <div class='ocr_carea' id='block_1_5' title="bbox 0 0 1048 3682">
    <p class='ocr_par' dir='ltr' id='par_1_7' title="bbox 0 0 1048 3682">
     <span class='ocr_line' id='line_1_32' title="bbox 0 0 1048 3682; baseline 0 5"><span class='ocrx_word' id='word_1_186' title='bbox 0 0 1048 3682; x_wconf 95' lang='lat' dir='ltr'> </span> 
     </span>
    </p>
   </div>
  </div>
 </body>
</html>
