2084 3698
158 184 211 279 ad
227 156 437 304 struitolem
453 157 756 303 construendum
793 279 796 285 ,
826 190 910 302 183

58 346 121 427 mo
147 354 265 448 ajunt,
292 355 390 428 hunc
414 354 485 429 elle
510 352 718 428 thesaurum
743 354 910 427 humana

53 448 145 526 'vitae
160 449 446 553 pretiofiffimum
463 481 472 526 r
499 454 687 527 thesauros
706 472 829 526 autem
846 477 911 525 au-

56 555 136 653 geri
162 554 305 652 potius,
329 577 440 653 quam
465 553 616 626 diminui
644 552 688 624 ab
715 550 908 634 omnibus3
995 564 998 569 '

58 670 143 723 cum
175 652 253 748 ejus
285 652 514 753 prodigentia
540 652 625 727 vitae
651 674 694 724 ac
721 648 909 750 spirituum

56 746 232 842 jauuram
264 750 334 826 esse
365 747 607 845 cumunilam.
669 749 838 823 Secundo
864 747 910 820 ad
996 832 999 843 Α

52 850 286 945 experientiae
309 850 465 925 tribunal
492 848 702 969 adpellant,
740 869 820 944 quae
846 844 913 920 do'·

57 966 139 1034 cet,
163 949 300 1045 multojs
325 949 576 1050 phlebotomia
600 946 827 1121 srepuentius
849 946 913 1017 ad·

56 1049 173 1123 hibita
199 1050 250 1123 ita
275 1050 414 1125 viribus
436 1047 630 1124 exhaustos
672 1043 769 1131 uisse,
784 1064 828 1119 ut
842 1036 912 1117 dif-

58 1144 219 1241 ficulter,
248 1172 316 1223 nec
341 1146 403 1221 nili
429 1146 509 1248 post
533 1146 664 1248 longas
689 1168 811 1223 moras
831 1158 912 1218 cora

52 1248 136 1345 ‘pori
174 1246 282 1348 vigor
325 1250 490 1347 potuerit
524 1245 676 1323 restitui.
754 1242 914 1331 Tertio,

56 1365 150 1452 quot
174 1347 276 1434 sunt,
308 1351 371 1445 qui
397 1347 530 1448 absque
558 1348 631 1423 boc
655 1344 818 1420 remedio
843 1352 914 1415 uni
1012 1405 1026 1419 t

55 1466 167 1615 guam
191 1444 339 1520 admisso
370 1449 416 1521 all
443 1466 648 1521 extremam
677 1442 791 1543 usque
814 1440 914 1517 seue·

93 1567 150 1615 am
177 1548 447 1643 pervenerunt?
498 1548 644 1642 Quatto
669 1544 834 1630 demum,
851 1563 913 1614 ne·

54 1644 298 1741 moinquiunt
312 1644 398 1719 boni
415 1642 595 1746 sanguinis
609 1645 763 1755 nimium
778 1634 913 1715 habere

53 1741 194 1910 potest:
217 1743 340 1841 quodsr
355 1743 474 1820 malus
499 1745 587 1819 hinc
614 1731 699 1818 inde
732 1741 766 1816 se
796 1740 914 1813 admia

70 1858 181 1921 cent,
210 1843 256 1912 ad
289 1842 378 1939 quid
401 1868 496 1943 opus
522 1842 574 1919 est
598 1844 739 1944 aperire
764 1860 912 1943 portam

55 1935 149 2009 adeo
173 1934 306 2021 latam,
344 1958 541 2035 perquam
575 1962 661 2012 cum
687 1940 785 2013 malo
809 1936 914 2012 srrnul

56 2034 95 2109 δι
119 2034 237 2108 bonus
262 2032 404 2134 sanguis
429 2033 619 2133 aufugiat?
645 2034 720 2111 alia
735 2036 913 2122 suueuia,

55 2157 121 2233 per
143 2157 233 2232 quas
258 2154 415 2234 peccans
440 2133 662 2233 expellatur,
691 2134 825 2208 scilicet
847 2157 914 2233 per

56 2230 236 2333 sudorem,
262 2256 327 2333 per
351 2232 517 2322 diaetam,
544 2256 609 2329 per
633 2234 913 2322 medicamenta,
994 2260 996 2264 ·

56 2355 137 2431 quae
162 2333 388 2408 absorbentia
413 2352 562 2407 vocant.
614 2335 753 2433 At'qui
771 2351 914 2408 co'ntraa

56 2434 116 2504 riae
143 2429 308 2508 saelionis
341 2430 448 2520 sunt,
481 2456 556 2508 non
590 2434 711 2508 minus
741 2450 914 2535 prompte

57 2538 168 2631 quam
206 2528 312 2607 noue
346 2530 575 2632 respondent.
653 2534 775 2610 Primo
811 2534 915 2633 equi·¹

38 2631 162 2717 tium,
187 2628 397 2706 thesaurum
421 2628 491 2707 esse
519 2629 746 2733 sanguinem,
786 2655 916 2731 quam·

57 2729 120 2800 diu
144 2730 281 2828 gaudet
305 2730 427 2819 debita
454 2731 535 2804 cras
562 2731 621 2806 seu
646 2734 842 2831 temperie,
869 2752 920 2805 ae

56 2825 128 2901 leni
155 2828 331 2917 circuitu,
363 2838 542 2929 tanquam
572 2833 658 2906 vitae
689 2856 733 2908 ac
755 2830 922 2923 sanitatis,

59 2922 187 3000 fonte:
221 2927 276 2999 his
301 2946 424 3004 autem
450 2925 701 3007 deficientibus
726 2929 917 3005 thesaurus

59 3022 130 3099 esse
154 3023 301 3113 definit,
333 3028 393 3101 ita·
408 3049 452 3103 ut
475 3031 687 3106 morborum
714 3030 837 3128 potius
865 3026 917 3101 se·

10 3152 12 3158 ·
56 3124 252 3196 minarium
277 3120 350 3213 fiat3
376 3126 413 3199 id
439 3130 538 3226 quod
564 3128 623 3204 vel
651 3131 806 3204 maxime
828 3151 917 3203 cone

57 3222 212 3323 ungitur
233 3222 320 3297 aaut
343 3224 453 3298 nimia
480 3224 661 3329 unguens
685 3233 807 3328 coen.
831 3210 921 3304 un&

59 3332 67 3349 ⁵
435 3328 477 3402 M
508 3350 537 3425 4
899 3341 954 3394 w
