2086 3682
230 166 805 301 adsanitatem'corffrrvandam.
870 211 964 299 '¹95

104 351 319 426 borantibus
334 396 354 434 „
383 368 427 424 ut
461 350 534 423 hoc
564 348 727 423 remedio
752 366 873 446 partes
899 347 962 424 vel

104 451 260 525 nimium
286 446 377 522 feisa
389 497 403 537 ,
440 468 512 523 aut
532 446 715 521 exiccatae
748 468 964 546 reparentur

104 546 167 626 vel
194 545 461 622 humeiientur.
529 551 673 620 Interea
702 566 825 620 tamen
853 549 963 621 certis
1011 596 1016 604 ι

104 648 203 722 hanc
231 645 330 720 suam
363 647 576 722 sententiam
614 645 887 718 conditionibus
920 645 963 719 li·

104 747 253 834 mitant,
278 746 507 845 praescribunt
535 767 581 817 ue
606 745 738 843 primo,
756 763 799 817 ut
814 741 963 819 somnus

104 847 168 920 hic
191 845 231 917 fit
255 868 366 945 quam
394 846 493 919 brevi
537 865 629 917 mus.
703 843 893 931 Secundo,
918 860 963 918 ut

103 968 180 1019 non
208 943 324 1018 statim
350 969 372 1019 a
395 943 560 1044 prandio,
588 941 646 1014 sed
672 937 861 1037 interjecta
882 964 963 1017 mo-

103 1067 146 1118 ra
184 1043 408 1117 &rororis
447 1041 636 1116 moderata
674 1044 876 1142 agitatione
914 1041 965 1115 ei·

105 1145 191 1216 dem
216 1067 459 1242 induerentur.
511 1141 641 1215 Tertio
665 1160 710 1216 ut
735 1138 855 1215 ereuo
881 1158 963 1215 cor.-

105 1264 195 1341 pore
221 1264 264 1316 ac
288 1240 392 1315 steiiae
424 1239 556 1315 leniter
583 1240 821 1321 incumbente
858 1236 963 1312 susei-

105 1342 238 1441 piatur.
291 1342 389 1413 Hinc
414 1341 451 1413 &
476 1335 599 1413 schola
624 1325 849 1416 sasernitana
872 1360 963 1438 pro·

105 1438 275 1545 gnostieis
298 1437 367 1514 suis
389 1438 604 1540 praemittit:

141 1682 144 1687 .
200 1613 262 1690 Sit
276 1609 414 1705 brevis,
434 1629 499 1690 aut
521 1615 634 1690 nullm
654 1608 726 1692 tih'
734 1612 880 1711 somnus
896 1637 963 1689 me·

438 1733 611 1814 ridianus.

493 1916 576 1987 XL:

76 2075 79 2079 -
177 2026 242 2103 Uti
264 2046 389 2103 autern
421 2024 567 2105 somnus
588 2031 822 2120 moderatus,
846 2031 897 2105 ita
926 2030 966 2106 ὅ(

107 2131 201 2209 aeris
226 2149 331 2229 grata
364 2129 561 2228 temperies
584 2129 743 2204 multum
770 2133 816 2205 ad
842 2129 968 2204 sanita·

107 2250 185 2308 tem
206 2227 363 2303 'confere
417 2231 515 2305 Nam
541 2253 655 2328 quum
681 2249 805 2305 toturn
833 2240 967 2327 corpus

86 2330 286 2431 'pervadat
311 2351 390 2415 aer,
415 2328 455 2403 &
479 2330 671 2425 inintima
697 2327 834 2404 viscera
856 2351 967 2426 pene-

80 2474 88 2487 -
107 2448 195 2523 tret‚
221 2426 396 2527 simulque
420 2427 584 2503 eiasticus
608 2428 660 2515 stt,
678 2431 715 2503 in
731 2450 862 2502 tenues
877 2448 967 2526 quo-

107 2550 181 2626 que
208 2530 251 2601 a's
275 2547 420 2602 teneras
458 2527 636 2627 sanguinis
667 2526 864 2627 particulas
898 2524 969 2599 sese
1034 2578 1041 2589 .

107 2626 282 2715 infinuat,
323 2644 436 2725 atque
473 2629 510 2700 in
537 2629 580 2701 iis
604 2648 748 2702 motum
772 2626 968 2701 excitando

61 2723 79 2806 ,’
108 2723 268 2802 ebullire,
298 2723 387 2799 facit
417 2725 532 2826 ipsum
564 2725 805 2826 sanguinem,
843 2746 967 2820 equo

108 2821 340 2924 postmodum
360 2827 484 2917 uirtus
520 2827 554 2898 ie
579 2826 753 2902 movendi
776 2826 814 2899 in
839 2821 969 2899 solidas

109 2945 261 3022 quoque
287 2924 408 3021 partes
435 2925 631 2999 derivatur.
683 2928 770 3018 Qta
795 2946 841 2998 ex
856 2945 895 2996 re
917 2918 964 2994 fa·

109 3020 178 3096 ciie
202 3040 322 3121 patet,
347 3045 467 3097 aerem
493 3023 681 3109 serenum,
707 3023 860 3111 siccum,
885 3020 923 3093 &
948 3044 970 3093 a

107 3123 308 3218 vaporibus
344 3119 602 3222 halitibusque‘
625 3119 849 3200 defoecatum
885 3141 971 3220 pro·

110 3215 207 3296 nerse
232 3219 430 3322 plurimunr
454 3222 501 3297 ad
524 3222 972 3397 &dinatum-facileque

183 3346 188 3355 '
580 3340 605 3398 2
751 3362 755 3371 ·
917 3337 976 3390 an·
