2084 3698
129 171 239 283 mr,
433 102 561 279 capua
594 155 714 249 <Vm

208 320 355 418 Iiierus,
379 325 439 399 eui
461 318 578 400 affinis
593 320 645 397 est
661 315 845 406 Cacbexr'a,
867 324 992 397 totum'

20 496 22 505 ,
131 446 268 523 corpus
285 423 474 529 pervadit,
492 419 690 521 coloreque
710 414 990 520 flavo‚paili‚do,
1023 492 1025 497 .

134 546 180 598 ac
193 520 364 621 plumbeo
385 520 513 623 tingit,
533 522 596 623 qui
617 520 783 594 inertiam
799 517 1008 616 ejusdem,

105 638 108 643 ⁴
132 620 413 722 palpitationem
434 620 576 706 cordis,
598 614 855 718 difficilemque
882 620 921 693 iu
943 617 991 693 as-

134 717 243 796 censu
272 716 379 795 aciivi
402 718 694 820 respirationem,
717 740 790 792 non
814 738 896 792 raro
915 722 993 805 len·

134 835 212 893 tam
230 818 353 890 tabem
376 817 455 914 post
481 817 654 893 setrahit.
705 816 906 915 Utriusque
931 840 992 916 pa·

133 940 220 992 rens
243 914 293 989 est
318 914 451 991 virium
476 914 556 991 bil-is
577 913 795 1015 tenacioris,
821 912 995 991 fermenti

132 1016 175 1091 ,dt
198 1011 294 1089 acidi
316 1013 531 1101 austerioris,
547 1037 590 1089 ac
616 1010 813 1113 facultatis,
829 1036 909 1117 quae
925 1032 992 1089 uu·

135 1110 434 1202 triendoiervit,
465 1112 660 1214 prostratae.

211 1266 384 1389 Hydrops'
400 1290 438 1367 dt
466 1287 687 1395 Y'jrmprnitis
708 1289 790 1364 sunt
810 1288 992 1381 morbus,
1033 1275 1036 1287 ’

137 1410 213 1559 puo
229 1392 409 1464 abdomen
428 1391 655 1466 intumescitt
677 1392 715 1465 in
730 1388 896 1505 hydrope
913 1388 991 1487 qui·

164 1510 223 1563 em
239 1489 284 1562 ab
299 1500 393 1588 aqua
413 1489 451 1564 δι
468 1489 543 1568 sero
567 1493 748 1565 intercute
755 1511 768 1579 ς
788 1511 827 1563 rn
848 1506 991 1659 tympa·
1027 1516 1030 1525 ·

135 1589 252 1671 nitide
276 1611 366 1663 vero
389 1614 410 1665 a
428 1586 516 1665 flatu
538 1587 717 1676 craffiote,
729 1588 892 1663 admixto
908 1607 932 1684 p
949 1609 992 1660 us

132 1688 257 1763 minus
275 1680 362 1762 sero.
410 1687 518 1761 Primi
536 1689 677 1786 geneda
694 1685 857 1759 statuunt
874 1683 991 1758 Medi·

137 1782 172 1857 ci
189 1787 225 1855 in
246 1782 322 1856 lesa
345 1786 529 1880 digerendi
549 1785 741 1883 potentia,
771 1779 831 1855 seu
849 1805 914 1881 per
938 1786 991 1856 in·

136 1882 416 1977 temperantiam
439 1880 508 1954 cibi
530 1902 725 1981 potusque,
740 1883 921 1981 praecipue
939 1884 991 1956 vi·

88 2031 91 2035 -
137 1981 176 2052 ni
203 1978 383 2066 fortioris,
405 1979 461 2054 seu
481 2005 545 2081 pet
572 1982 661 2056 aiios
684 1982 831 2054 morbos
858 2004 992 2077 prace-

138 2081 268 2152 dentes
282 2103 356 2154 non
377 2102 424 2153 ex
446 2080 589 2179 integro
614 2077 803 2178 depulsos,
830 2082 991 2153 maxime

44 2269 45 2272 Ἴ
135 2176 269 2255 febres.
323 2180 400 2275 lpia
414 2201 504 2253 vero
527 2181 633 2277 copia
650 2201 752 2276 aquae
765 2200 809 2251 ac
827 2175 890 2249 seri
910 2177 990 2248 sub-

138 2276 359 2350 ministratur
377 2300 421 2350 ex
446 2279 562 2376 ruptis
582 2275 672 2350 vafis
690 2273 813 2358 iadeis
836 2299 878 2348 ac
897 2274 987 2372 lym-

137 2377 316 2472 phaticis,
338 2376 425 2448 dum
448 2374 524 2448 aliae
549 2398 703 2479 vapores
727 2375 988 2470 humoresque,

137 2473 332 2572 presertim
347 2475 500 2559 urinam,
509 2475 701 2549 emittendi
716 2474 785 2546 viae
798 2471 988 2547 obstruun-

137 2593 208 2644 tur.
257 2571 414 2646 Secundi
430 2572 584 2648 cauiiam
600 2568 661 2647 assi
686 2591 775 2648 nant
797 2571 855 2644 vei
872 2593 988 2646 mate·

138 2674 229 2745 riam
248 2669 415 2756 crudam,
431 2673 578 2746 ctaiiam
601 2672 639 2746 u
653 2598 736 2746 &ico
753 2668 941 2755 insedam,
966 2694 988 2745 a

139 2771 259 2847 calore
278 2769 386 2844 debili
406 2772 444 2845 in
459 2767 568 2847 flatus
593 2769 820 2855 dissolutam,
846 2767 905 2842 vei
925 2770 988 2843 de·

138 2890 327 2970 pravatam
342 2869 438 2956 bilis,
456 2868 550 2945 succi
566 2869 786 2969 pancreatici
801 2869 838 2941 dt
852 2866 988 2941 meian-

139 2967 269 3043 cholici
290 2971 516 3069 temperiem,
531 2971 589 3044 cui
603 2970 763 3043 admixta
784 2967 916 3064 pituita
935 2966 988 3040 ef·

139 3067 366 3169 fervescit&
378 3071 414 3141 in
428 3066 541 3142 bullas
553 3067 753 3165 denibsque
768 3064 987 3140 halitus-eie·

135 3187 266 3265 ratur,
287 3169 383 3249 intra
398 3171 542 3247 turritae
561 3165 772 3243 mesenterii
787 3161 987 3331 εοηεῑιιχξῗε.
1017 3246 1022 3255 ,

691 3286 699 3306 ⁸
943 3284 998 3329 ut.
