2086 3682
284 192 542 309 Astrouomia.
779 228 864 316 393

60 360 83 435 lt
104 358 265 446 Venus,
294 381 377 458 quae
407 357 508 433 suum
535 358 630 435 circa
657 358 764 437 lolem
792 389 868 438 am·

60 480 133 533 urm
168 460 262 533 intra
287 457 425 533 menses
451 458 586 558 septem
619 484 705 535 cum
730 462 866 537 semisse

61 556 179 634 solvit.
235 557 407 657 Sequitur
431 582 586 657 magnus
611 559 728 646 orbis,
754 585 866 661 quem

60 682 112 733 rra
146 676 252 731 motu
285 680 407 731 annuo
439 677 630 757 peragrat,
663 656 737 757 ipsa
769 661 865 735 circa

60 780 118 833 em
143 754 246 829 suum
268 754 433 840 mobilior
460 756 547 830 luna
569 779 660 834 vero
686 760 781 833 circa
800 759 867 833 tel·

60 857 103 931 ris
127 854 276 955 globum
303 874 477 954 tanquam
503 855 669 955 epicyclo
702 855 760 931 seu
787 882 869 956 par·
933 862 940 873 '

60 984 65 1021 r
104 954 241 1029 circulo
273 957 367 1027 intra
400 951 558 1028 mensem
594 957 866 1058 circumagitur.

60 1074 115 1127 ars
146 1050 206 1127 soli
240 1053 548 1139 circumducitur,
586 1051 783 1154 cursusque
813 1053 866 1129 sui

60 1168 153 1227 :tam
178 1154 280 1226 annis
305 1150 380 1227 fere
406 1152 549 1226 duobus
575 1153 735 1253 attingit.
803 1154 867 1255 Ju-

60 1272 110 1326 :er
142 1253 216 1350 pari
248 1252 390 1325 ratione
416 1251 571 1324 Martem
607 1252 758 1339 circuit,
797 1277 867 1329 nee

60 1348 77 1423 i
102 1375 280 1426 annorum
307 1350 449 1423 circiter
469 1351 664 1425 duodecim
682 1351 795 1453 spatio
809 1375 867 1428 or·

60 1470 128 1525 tam
162 1448 258 1523 suam
293 1447 494 1524 emetitur:
530 1470 689 1548 quatuor
718 1450 779 1523 hic
816 1448 866 1526 sc·

61 1572 102 1625 m
131 1546 341 1623 circumfert
368 1542 545 1635 alieclas',
584 1547 680 1646 quafi
710 1551 866 1624 totidem

60 1670 119 1723 nas
141 1645 201 1723 seu
226 1648 343 1722 mavis
368 1644 483 1721 stellas
505 1646 692 1734 minimas,
717 1646 791 1724 solo
815 1668 866 1723 te-

60 1745 173 1847 ?copio
201 1744 431 1847 conspicuas,
458 1769 539 1846 quae
564 1770 638 1822 una
663 1770 747 1822 cum
764 1750 867 1849 ¹priu-

60 1868 98 1945 pe
126 1844 189 1921 suo
221 1847 316 1920 circa
342 1843 452 1920 lolem
478 1865 697 1934 moventur,
730 1847 782 1922 ita
814 1868 866 1923 ta-

60 1968 103 2019 cu
125 1967 170 2020 ut
192 1942 373 2045 peculiare
409 1945 505 2017 circa
529 1945 661 2040 Jovem
687 1947 756 2018 iter
782 1969 867 2019 con·

60 2044 152 2119 ia'nt.
223 2042 382 2117 Ultimus
407 2042 584 2115 Saturnus
614 2062 764 2115 caetetos
789 2064 865 2115 om·

62 2166 81 2219 t
111 2139 276 2243 planetas
315 2138 454 2214 ambitu
489 2135 552 2212 suo
585 2137 838 2238 complediitur
854 2191 865 2227 ,

60 2264 160 2349 eque
192 2241 261 2315 suae
299 2236 408 2314 finem
441 2237 598 2338 imponit
628 2240 724 2313 intra
752 2262 867 2316 armos

60 2341 182 2417 oxime
209 2342 378 2440 triginta,
409 2335 682 2439 stipantelatus
702 2337 867 2437 quinque

60 2438 211 2516 :ellicum
259 2440 424 2513 cohorte.
506 2434 673 2513 Planctus
716 2437 867 2513 demum

60 2560 147 2615 ones
175 2534 355 2611 stellarum
381 2534 531 2610 fixarum
563 2536 599 2609 dt
624 2536 868 2613 immobilium

60 2637 120 2741 gio
152 2660 218 2738 per
242 2633 456 2711 immensum
491 2655 604 2735 prope
636 2660 658 2710 a
690 2637 871 2736 prioribus

60 2736 171 2813 trium
196 2757 339 2810 remota
362 2736 475 2834 cingit
500 2756 544 2806 ac
567 2730 684 2808 veluti
703 2754 868 2809 coronat.

60 2854 143 2937 :que
174 2836 251 2909 haec
277 2832 382 2934 plana
408 2831 605 2933 lystematis
626 2830 737 2927 hujus
761 2856 867 2932 expo·

59 2934 96 3009 io
120 2930 192 3008 eil:
220 2932 405 3007 arcaniora
428 2931 614 3031 quaedam,
641 2930 695 3004 uti
720 2931 765 3007 de
789 2953 872 3032 pro·

60 3031 208 3121 iosolis
233 3031 328 3104 circa
363 3029 463 3105 suum
497 3053 602 3104 axem
632 3048 766 3119 motu,
799 3053 874 3129 quo

60 3130 171 3209 rculae
208 3129 465 3229 explicantur:
506 3130 553 3203 de
590 3129 720 3201 diurno
769 3148 874 3207 terrae

60 3250 127 3311 otu
151 3232 249 3308 circa
270 3229 454 3332 proprium
483 3250 588 3303 axem
613 3226 658 3302 ab
683 3230 875 3306 occidente

790 3348 871 3407 Vel·
