2086 3682
86 146 171 247 328
310 112 320 167 ⁵
411 60 538 246 Capul
574 122 652 218 Vr
685 142 688 147 '

87 318 196 395 quam
221 293 485 381 exterioribus,
509 316 608 390 ¹quas
648 291 753 377 dixi,
793 292 944 363 circum·

86 393 315 468 vadationem
339 391 470 468 lineis..
510 392 695 465 Exteriore
720 391 820 462 haud
843 389 942 487 equi-

86 494 170 566 dem
196 515 290 590 opus
313 489 383 576 est,
407 490 430 563 sr
455 513 575 565 metus
601 488 688 562 abfit
713 488 943 561 auxiliarium

87 592 274 690 copiarum
300 587 451 664 lustantl
475 592 704 662 munimento
733 587 943 659 submitten-

14 754 16 760 ,
86 692 215 763 darum
237 716 248 760 ε
271 710 399 786 ‘neque
433 690 632 774 interiore,
667 686 690 759 sr
725 683 945 760 obsellorum

87 809 164 862 tam
188 788 246 862 exi
274 796 344 861 uus'
359 785 477 861 ,fuerit
499 788 698 871 numerus,
732 806 786 857 urs
808 785 845 857 δι
869 784 943 859 ani·

86 911 169 960 mus
208 811 289 986 ipis
325 884 363 959 io
396 884 508 960 castra
538 882 695 960 hostium
730 883 946 957 excurrendi

86 985 337 1085 velitandique
362 983 555 1059 defuturus
577 983 651 1059 elie·
670 985 851 1058 credatur.

147 1158 361 1237 'Confeeio
397 1162 596 1239 castrorum
630 1160 782 1261 negotio
815 1181 947 1235 manus

87 1257 279 1347 obsidionis
301 1260 417 1347 labori
441 1262 591 1359 propior
604 1258 835 1335 admovetur.
870 1260 946 1332 No

88 1354 154 1463 {iis
188 1356 365 1435 beneficio
400 1359 559 1433 militum
590 1356 771 1461 ,manipuli
804 1358 948 1457 aliquot

87 1455 172 1531 loco
198 1482 219 1531 a
244 1460 505 1551 viacoostrta
530 1480 603 1553 you
638 1478 703 1533 aut
736 1475 803 1551 75.
835 1456 949 1556 perti·

88 1578 150 1630 cas
173 1575 318 1630 remoto
344 1480 521 1634 ‚collocati
538 1552 672 1641 terram
704 1555 830 1631 fodere
856 1552 946 1629 obli-

87 1653 309 1757 qua-versus
338 1658 558 1753 munimenti
590 1652 721 1755 faciem
759 1654 819 1729 via
859 1655 948 1741 inci·

87 1755 226 1925 fiunt:
264 1751 539 1835 succedentibus
575 1754 767 1844 irentidem
792 1752 870 1826 aliis
895 1752 948 1827 di·
992 1780 996 1787 ·

102 1852 327 1942 aratur>haec
361 1852 470 1941 folla,
503 1856 650 1939 utnon
687 1849 800 1926 solum
830 1852 948 1928 borni·

87 1950 214 2038 nibus,
241 1949 300 2028 sed
331 1952 369 2027 δι
391 1940 747 2029 tormentis'bellicis
774 1974 858 2024 cum
885 1976 947 2051 ap·

87 2050 242 2150 pendice
267 2049 329 2145 sua
352 2053 423 2139 iter
447 2051 684 2151 commorlum
710 2070 844 2150 pateat
886 2050 946 2125 Ad

89 2149 205 2249 prima
232 2146 435 2225 accelluum
457 2146 583 2225 limina
618 2149 656 2224 δι
681 2144 861 2223 anfractus
884 2171 947 2223 ex·

89 2247 249 2321 citantur
286 2270 402 2346 parva
435 2250 692 2334 munimenta,
734 2270 813 2345 quae
854 2266 947 2322 rece·

80 2361 169 2447 ptus
203 2364 355 2434 vocant,
380 2372 401 2423 e
429 2350 560 2448 quibus
585 2344 646 2422 vel
670 2345 804 2420 milites
831 2347 946 2421 inin·

90 2443 182 2518 lidiis
206 2442 377 2520 collocati
406 2444 539 2548 polline
572 2441 762 2519 folioribus
802 2444 946 2521 succur-

88 2566 169 2641 rere
185 2590 216 2633 ,Ι
234 2542 296 2617 v'el
324 2545 363 2620 hi
398 2542 687 2644 errumpentium
718 2543 945 2644 praesidiario·

88 2666 172 2717 rurn
201 2643 247 2715 vi
272 2642 479 2720 sustinendae
512 2646 670 2741 impares
702 2641 736 2718 se
771 2642 876 2719 velut
908 2645 946 2718 ln

90 2740 228 2839 asylum
264 2744 303 2817 in
328 2768 373 2818 ea
407 2738 567 2839 recipere
599 2761 747 2840 queant.
814 2742 945 2839 Acces-

91 2837 148 2935 sus
174 2840 360 2938 veroipsr
390 2840 511 2915 varios
544 2841 582 2914 in
606 2840 809 2916 maeandros
844 2840 945 2919 duur

91 2936 386 3054 plurib'us'line'is
413 2936 508 3013 inter
534 2938 567 3015 se
591 2938 948 3017 communicantibus

90 3048 304 3139 junguntur.
375 3038 472 3110 Tum
496 3034 620 3139 pallim
650 3063 671 3113 e
701 3058 796 3113 terra
824 3038 947 3141 egesta

47 3236 50 3247 Ι
91 3142 158 3238 p'ro
186 3135 379 3237 tormentis
411 3137 655 3225 &mortariis
677 3136 820 3217 bellicis.
835 3163 952 3243 agge,

885 3263 944 3317 res
