2084 3698
90 162 95 169 “
137 178 220 263 106
329 239 332 243 .
455 171 695 291 CaparsV.

135 338 242 413 minis
281 360 325 411 ac
364 337 496 412 indolis
532 336 718 441 populos,
757 337 795 411 in
832 360 926 436 quos
957 336 990 412 se

135 434 568 538 Noemeticaposteritas
593 459 779 511 ramorum
802 430 991 517 instardis·

135 534 335 622 fundebat,
366 538 418 614 ita
449 559 493 611 ut
518 535 599 611 Asa
624 537 783 612 maxima
816 535 866 608 sui
889 557 1012 635 parte,

135 637 313 733 Scythas,
341 636 449 722 Indos
476 660 520 710 ac
545 634 692 709 Persair
737 633 860 709 Africa
882 638 989 735 AEgy·

136 738 252 835 ptios‚
278 736 470 832 AEthiopes
497 759 540 809 ac
565 736 725 810 Poenos:
750 735 909 832 reliquos
922 738 989 809 Eu·

135 838 226 933 ropa
263 833 579 932 complesseretur.
656 834 697 907 In
737 834 850 909 altera
888 857 991 935 parte

136 956 292 1032 magna,
309 930 313 939 ’
331 934 390 1006 sed
425 936 535 1032 priori
571 935 744 1033 minore,
791 931 992 1009 statuerunt

136 1032 287 1106 insulam
318 1033 537 1135 Taprobane
564 1032 705 1132 (quam
728 1032 843 1106 hodie·
859 1034 991 1111 Ceula·

136 1154 227 1222 rrum
252 1138 425 1231 vocant)
456 1154 567 1235 atque
598 1133 803 1234 Antipodes
836 1131 895 1207 seu
918 1137 991 1235 Ap·

41 1262 45 1267 ’
138 1232 354 1319 ticbrones,
389 1234 577 1333 originem¹
600 1255 750 1331 quoque
774 1231 849 1307 Nili
875 1228 1014 1311 flumi-¹

138 1332 217 1417 nis,
243 1354 288 1407 ex
314 1328 435 1404 insulis
461 1333 593 1414 Luna,
618 1348 662 1408 ut
685 1330 895 1415 credebant,
910 1355 993 1430 pro·

83 1472 86 1479 ·
138 1432 263 1530 geniti.
315 1430 487 1503 Prodiere
508 1439 597 1503 mox
626 1429 697 1512 alii,
716 1431 778 1528 qui
804 1430 929 1504 orbem
954 1433 993 1505 in

131 1530 213 1604 xduo
254 1527 351 1627 quasi
390 1527 575 1626 segmenta
616 1528 790 1623 majora,
833 1551 1016 1625 quorum:

96 1627 100 1633 ’
137 1651 254 1701 unum
275 1627 488 1714 Meridiem‚
517 1627 672 1701 aiterum
699 1629 994 1726 Septentrionem

137 1726 341 1825 respiceret,
361 1727 679 1801 discriminabant:
706 1728 793 1799 huic
809 1728 994 1822 Europam

138 1825 177 1898 &
191 1823 365 1911 Africam,
380 1824 430 1896 iiii
455 1825 573 1898 Asiam
593 1827 857 1920 adjudicarunt.
891 1828 995 1900 Non·

137 1922 227 1998 nulii
251 1949 271 1997 e
297 1945 460 2022 quatuor
493 1927 655 2023 partibus
688 1924 993 2023 composuerunt,

138 2023 219 2099 Ana
242 2022 405 2110 scilicet,
430 2021 579 2112 Africa,
606 2029 751 2126 Europa
777 2024 816 2097 &
836 2025 992 2125 AEgyto,

139 2126 198 2196 cui
236 2145 376 2221 quartae
416 2126 509 2222 parti
548 2126 667 2200 rursus
708 2124 768 2200 aiii
812 2124 993 2201 Graeciam
1028 2204 1033 2213 ,

54 2318 57 2325 Ι
140 2220 410 2298 substituerunt.
476 2225 545 2296 Sed
576 2249 688 2319 quam
720 2247 856 2298 avero
893 2224 993 2301 abet-

139 2323 252 2397 rarint
276 2325 331 2394 hae
356 2324 536 2394 Veterum
564 2324 665 2408 idea,
683 2323 831 2397 abundo
855 2323 993 2397 hodier-

140 2445 187 2495 na
214 2419 437 2494 demonstrat
462 2420 711 2525 Geographia.
773 2423 932 2507 Primus,
958 2422 997 2497 &

141 2519 180 2592 &
204 2521 423 2616 antiqu-itate
448 2520 634 2620 reliquos,
660 2514 817 2621 Quorum
855 2522 995 2595 mentio

141 2616 183 2692 fit
207 2619 244 2691 in
269 2618 367 2692 libris
399 2617 604 2708 historicis,
642 2617 884 2717 Geographos
909 2642 995 2717 prae-

140 2715 276 2817 gressus¹
314 2716 385 2791 fuit
426 2712 664 2820 Philosophus
693 2718 995 2805 Anaximander,

140 2814 318 2904 Milefius‚
346 2819 602 2917 qui‘mappam
627 2816 924 2917 geographicam,
934 2817 994 2893 vel

140 2917 265 3013 potius
292 2917 370 3010 eius
396 2919 562 2990 umbram
584 2914 782 3017 proposuit.
858 2914 997 2993 Confe-

141 3010 207 3087 &ae
233 3036 357 3089 aurem
385 3014 533 3091 fuerunt
550 3012 706 3105 rudibus
731 3014 800 3088 illis
825 3018 995 3114 tempori·

102 3129 105 3135 ’
141 3114 209 3186 bus
233 3114 413 3208 ejusmodi
434 3133 579 3222 'mappae
605 3115 846 3189 ‘ex'arborum
871 3116 996 3191 radici·

141 3214 222 3304 bus,
244 3214 282 3291 δι
305 3215 407 3288 hunc
430 3212 467 3288 in
493 3216 602 3291 hnem
629 3216 838 3319 praeparatis
862 3216 1021 3388 anpnag

922 3339 998 3391 rum
