2086 3682
403 135 663 258 Grogruphiu
739 150 741 155 ’
884 166 967 256 135

104 297 216 399 pruni
239 322 353 399 regna
388 302 426 376 in
450 305 610 379 minores
635 301 736 403 quasi
757 303 965 404 provincias

104 395 450 476 discriminaverunt
481 403 723 502 adpellatione
758 426 847 479 are
874 403 965 480 ioui-

103 495 176 571 bus
198 496 236 570 &
257 497 427 596 populis,
451 524 544 600 quos
566 500 733 591 alluunt,
757 427 963 577 transiere:

101 597 162 669 uti
194 592 219 670 S
268 598 524 675 tentrionalem
564 600 761 677 Oceanum
793 601 833 675 in
863 623 965 677 mare

105 693 217 771 Giaci
253 720 275 770 e
298 695 359 771 seu
384 699 543 799 pigrum,
563 701 602 774 in
611 701 805 786 Cronium,
818 700 855 773 in
870 698 966 776 Ger·

103 795 308 883 manicum,
334 801 371 870 in
391 794 627 874 Calidonium
652 799 712 876 seu
731 798 964 875 Deuca-lidia·

103 916 195 967 num
207 941 219 980 ‚
243 895 282 967 in
308 895 579 994 Hybernicum,
609 901 646 973 in
668 900 897 1001 Virginium,
925 898 965 973 in

63 1060 67 1073 .
103 993 380 1082 Britannicum,
399 996 445 1068 in
466 994 747 1096 'Aquitanicum
772 999 811 1071 in
825 998 964 1071 Centr-

102 1091 258 1180 bricum,
272 1094 311 1166 in
334 1091 534 1183 Gallicum,
545 1096 583 1169 in
608 1094 788 1171 Balticum
804 1122 815 1168 τ
831 1092 966 1169 Orien·

102 1190 219 1266 talem
254 1191 450 1268 Oceanum
483 1196 521 1268 in
557 1194 633 1271 duo
664 1195 777 1271 maria
801 1193 966 1269 Sericum

85 1290 145 1365 ss&
169 1291 340 1367 Sinense:
366 1293 644 1369 Meridionaiem
666 1296 703 1369 in
728 1294 909 1379 Indicum,
928 1291 968 1367 iu

103 1389 337 1488 Ery-thraeum
358 1395 493 1491 (quod
517 1393 637 1468 rursus
662 1395 701 1468 in
724 1390 966 1476 Perseum&

104 1489 305 1564 Arabicum
332 1488 392 1564 seu
416 1515 517 1567 mare
541 1492 692 1567 rubrum
724 1490 795 1567 fuit
818 1489 967 1591 biparti-

105 1593 221 1685 tum)
247 1587 286 1662 &
312 1590 349 1662 in
375 1611 518 1688 partem
541 1615 654 1665 unam
668 1591 867 1690 AEthiopici
889 1613 967 1663 ma·

105 1687 157 1760 ris
178 1689 305 1762 versus
330 1687 526 1771 Orientem
549 1717 560 1762 ε
597 1687 879 1765 occidentalem
903 1685 966 1763 seu

107 1782 336 1861 Atlanticum
365 1784 435 1863 sive
462 1788 678 1889 Hesperium
703 1789 896 1889 Oceanum
926 1786 966 1861 in

103 1886 235 1972 maria,
258 1909 338 1985 quae
363 1909 445 1962 oras
469 1891 600 1988 partim
625 1886 814 1964 Africanas
831 1887 967 1989 partim

105 1983 208 2058 Euro
233 2005 303 2060 aeas
326 1989 508 2085 quasdam.
520 1988 678 2074 alluunt,
691 2008 899 2084 nomenque
911 1986 968 2060 irr-

107 2084 157 2156 de
201 2084 416 2172 ortiuntur,
456 2085 496 2159 &
524 2087 563 2157 in
590 2085 743 2157 alteram
766 2082 971 2183 AEthio'pici
1008 2120 1032 2169 ις

86 2181 221 2258 maris
247 2203 416 2282 partem:
442 2181 500 2254 his
514 2180 802 2255 adnumerabant
817 2198 969 2280 quoque

90 2279 505 2369 Mediterraneum&
538 2277 709 2379 Caspium
744 2279 805 2356 seu
838 2279 970 2354 Hircu-

107 2403 202 2479 num
224 2403 353 2457 mare:
384 2380 724 2468 Mediterraneum,
749 2380 850 2481 quud
873 2377 967 2454 cele·

108 2479 310 2562 berrimum
347 2477 486 2581 semper
522 2476 619 2566 fuit,
650 2479 840 2579 tribusque
868 2477 968 2555 orbis

107 2579 297 2682 partibus,
321 2577 453 2676 quibus
476 2576 731 2667 concluditur,
749 2578 856 2655 velut
868 2600 968 2654 com·

109 2702 224 2755 mune
231 2724 246 2768 ,
277 2696 301 2753 ru
326 2675 450 2751 Priscis
472 2677 510 2751 in
536 2676 769 2753 Orientalem
794 2677 832 2751 &
856 2673 970 2752 Occi·

102 2776 298 2854 dentalem
332 2774 645 2876 distinguebatur:
672 2773 856 2851 Orientali
873 2773 970 2868 parti

111 2878 248 2965 marim
272 2896 354 2976 quae
366 2875 575 2966 Euxinum,
600 2877 765 2975 AEgoeum
784 2893 828 2947 ac
846 2871 970 2970 Virgi-

110 2978 213 3053 nium
233 2975 352 3050 finum
370 2994 646 3074 nuncuparunt,¹
659 2969 893 3048 occidentali
907 2993 970 3045 ve·

110 3099 154 3155 ru
176 3076 365 3180 Jonicum,
388 3072 583 3175 Lyhicum,
607 3070 840 3247 suerum}
860 3068 972 3168 Tyrr-

810 3252 814 3259 .
835 3190 970 3257 enum,

305 3274 311 3283 “
515 3269 621 3372 13.
