2086 3682
385 138 646 261 Geogrupltiu.
864 160 922 275 89

64 332 161 395 rum,
178 309 396 407 dierumque
413 294 627 384 *octodecim
648 308 835 385 exantlato
862 312 922 385 iti·

63 430 161 485 uere.
212 408 375 507 Septima
399 407 550 481 demum
574 409 679 483 navis
703 410 850 509 gemina
864 412 925 511 Jas

62 507 151 585 cubi·
175 500 374 595 Heremitae
397 506 435 580 &
458 506 607 604 joannis
632 509 814 608 Hugonis‚
840 512 919 626 qui·

61 607 131 681 bus
155 607 306 681 uomina
343 605 561 681 Concordiae
588 607 627 682 δι
649 608 833 683 Hernanae
852 632 921 684 rm-

41 704 178 803 ··postta
202 703 353 779 fuerunt
389 729 443 779 an.
480 714 609 803 1623.
641 727 801 807 utroque
823 709 921 786 duce

59 802 145 880 fatis
179 802 320 880 subluto
349 803 490 880 reversa
516 827 641 880 tamen
667 804 749 881 sunt
773 810 921 908 navigia

59 905 99 977 in
119 902 359 979 Hollandiam
384 901 463 1002 post
486 928 600 981 annos
624 907 730 994 duos,
746 907 921 983 totidem·

60 1027 132 1101 que
155 1004 306 1097 menses.
355 1004 432 1077 Tot
457 1004 645 1100 impenfis,
669 1004 854 1080 laboribus
879 1006 921 1083 δι

58 1101 261 1201 periculis,
288 1100 437 1203 ipsaque
460 1123 581 1176 morte
605 1103 751 1202 dignam
776 1102 922 1180 c'ensuo-

58 1223 148 1277 runt
171 1202 347 1279 mortales
368 1203 699 1303 peregrinationem
715 1225 781 1300 per
795 1222 922 1278 totum

59 1320 239 1376 terrarum
271 1303 397 1376 orbem
427 1325 503 1376 nou
535 1300 606 1378 stne
630 1304 792 1378 maximo
818 1301 925 1378 Geo-

56 1400 231 1502 grapbiae.
245 1400 498 1478 emolumento
525 1401 737 1502 susceptam.
861 1494 864 1499 Ι

403 1536 558 1646 ‘xvu

127 1692 267 1768 Praeter
302 1692 367 1767 has
396 1712 479 1765 tum
527 1693 811 1794 eregrinationes
837 1711 940 1768 tum

57 1791 315 1892 navigationes
349 1815 424 1866 non
448 1717 645 1868 debuerunt
668 1795 826 1893 partim,
854 1792 920 1909 qui

57 1904 240 1966 terrarum
266 1913 519 1992 aquarumque
541 1893 712 1969 notitiam
743 1917 766 1967 a
803 1892 921 1987 Majo-

56 1993 160 2066 ribus
194 1989 265 2062 fibi‘
278 1992 475 2080 traditam,
501 1990 563 2067 vel
585 1993 732 2091 propria
753 1989 931 2085 haustam„

56 2089 282 2192 experientia
308 2092 345 2167 in
371 2092 537 2164 ordinem
563 2090 798 2186 redegerunt,
812 2111 857 2163 ac
872 2087 929 2162 ‘li·'
988 2086 991 2093 ’

57 2193 146 2266 teris
174 2187 212 2262 δι
238 2187 348 2265 libris,
364 2186 612 2287 consignatam
636 2183 841 2286 posteritati
863 2206 922 2261 ro·

56 2289 272 2389 liquerunt3
299 2291 433 2388 partim
459 2289 522 2386 qui
572 2285 699 2362 lobum
723 2285 923 2359 huncter·

55 2387 205 2464 restrum
246 2410 312 2486 per
343 2385 525 2477 institutas
547 2312 674 2460 bertulo
697 2381 922 2460 observatio-

54 2496 121 2563 rles
162 2508 249 2562 cum
275 2484 411 2561 coelelii
443 2508 486 2560 ac
514 2485 648 2560 lidereo
681 2482 921 2563 conciliantes

57 2607 187 2662 notata
211 2587 405 2684 regionum
439 2584 681 2684 locorumque
721 2581 920 2683 longitudi-

56 2711 103 2763 ne
124 2682 265 2761 vastam
289 2706 469 2759 terrarum
506 2690 757 2783 aquarumque
781 2680 919 2757 molem

57 2808 208 2861 omnem
222 2783 494 2883 Geographicis
511 2808 584 2884 qua
604 2780 833 2885 generalibus
846 2803 921 2878 qua

57 2883 297 2986 singularibus
317 2882 469 2958 Tabulis
491 2881 675 2982 ingeniose
698 2905 774 2957 non
799 2879 922 2954 minua
999 2916 1001 2920 ν

81 3008 170 3060 uam
196 2981 573 3082 accurarecomplexi
605 2979 767 3056 fuerunt.
837 2978 922 3052 Mo·

56 3008 108 3159 bes
119 3132 134 3173 ‚
161 3085 227 3183 qui
251 3080 449 3156 Hebraeum
475 3080 653 3182 populum
672 3078 743 3153 Dei
766 3074 859 3171 iussu
873 3096 922 3151 ex

60 3184 220 3287 AEgypto
247 3175 422 3257 eductum
444 3182 540 3357 rFexit
572 3180 676 3257 annis
702 3176 921 3279 quadragin-

363 3326 371 3331 ·
506 3300 534 3374 4
826 3296 919 3368 1²³
