2086 3682
383 131 643 257 Gangrnplzia.
878 122 958 253 103

100 297 400 387 Anaximander,
432 301 521 375 dum
549 300 658 375 solem
684 301 729 376 ab
754 303 960 401 AEquatore

99 422 198 471 nunc
225 399 271 471 ad
296 400 656 496 septentrionalem,
689 425 787 475 nunc
811 403 857 475 ad
882 405 960 475 Au·

98 494 240 572 stralem
257 497 383 596 polum
408 498 589 574 declinare
613 499 755 601 fingulis
781 501 882 575 annis
897 500 959 573 ob·

98 594 270 693 servavit.
337 595 409 671 Aiii
434 592 553 688 sunt,
588 603 649 698 qui
682 599 792 692 hujus
816 600 959 674 inventi

123 696 254 772 loriam
293 697 460 771 tribuunt
498 700 738 799 Pythagorae,
775 697 834 772 aiii
867 720 958 772 vero

98 721 289 894 {imnodi
325 798 473 872 e'Chio
498 797 611 871 insula
637 798 805 872 oriundo.
868 798 896 869 E
920 796 958 868 fi·
985 869 991 879 ,

98 895 177 994 gnis
202 916 329 969 autem
356 895 562 973 coelestibus
587 900 749 972 Arietem
788 896 826 970 &
856 896 958 969 Arci·

98 1014 287 1069 tenentem
314 996 455 1093 primus
482 996 672 1069 distinxisse
694 1018 738 1069 ac
760 996 800 1068 in
824 994 958 1068 Zodia·

98 1116 180 1167 cum
202 1092 386 1168 invexisse
411 1091 528 1168 fertur
560 1092 813 1177 Cleostratus,
848 1115 958 1191 quem

98 1191 209 1267 secuti
241 1192 451 1267 Astronomi
483 1193 644 1293 reliquos
677 1194 807 1267 decem
843 1191 958 1291 figno·

96 1314 174 1366 mm
201 1293 359 1366 comites
385 1295 565 1392 prioribus
601 1294 747 1368 duobus
784 1292 958 1386 adjunxe-

95 1414 143 1465 re.
196 1393 311 1489 Porro
326 1392 480 1466 Zodiaci
505 1418 576 1493 ope
598 1393 845 1494 Geographus
868 1412 957 1487 quo·

95 1514 166 1590 que
206 1492 247 1564 iu
283 1489 394 1591 giobo
432 1491 513 1566 iniis
548 1514 672 1570 ortum
714 1493 752 1567 &
784 1488 957 1565 occasum

95 1590 232 1689 quovis
266 1591 352 1664 anni
379 1609 546 1692 tempore
571 1595 617 1667 de
644 1591 839 1675 rehendit,
865 1589 956 1661 dum

93 1708 247 1777 notato,
270 1688 308 1762 in
334 1712 407 1787 quo
432 1691 593 1765 Phoebus
619 1618 761 1766 Kabitet
784 1688 845 1762 ilia
871 1689 955 1776 die,

94 1786 219 1888 signo,
255 1786 418 1887 fignique
451 1791 599 1891 grado,¹
624 1792 785 1866 eundem
816 1786 955 1862 circuio

92 1887 130 1961 in
154 1888 362 1962 Horizonte
386 1884 566 1990 descripto
592 1890 764 1985 adplicat,
773 1889 837 1987 qui
850 1911 955 1961 men·

79 1984 146 2061 ·ses
183 1986 533 2085 diesquecontinet
570 1986 675 2085 fignis
715 1988 754 2060 ὃ(
783 1987 955 2084 gradibus¹

91 2084 161 2161 iliis
186 2084 459 2189 respondentes.
534 2087 671 2159 Eadem
701 2083 873 2158 industria
887 2087 954 2159 io·
989 2160 994 2169 ,

91 2184 415 2359 {rimini
443 2180 715 2357 nimine
730 2183 955 2357 hirini
1002 2289 1006 2295 ·

565 2331 579 2372 5

91 2385 205 2461 etiam
231 2383 418 2461 diversnas
442 2381 632 2472 nascitur,
666 2381 764 2458 incili
803 2381 955 2482 negotio

90 2482 352 2585 investiganda.
429 2484 591 2558 Demum
623 2481 724 2559 sexto
766 2478 871 2556 Zona
892 2478 955 2556 seu

90 2600 271 2659 terrarum
286 2578 437 2683 ,trebius
467 2581 520 2656 ilii
546 2584 708 2685 quinque
730 2580 954 2658 consideran}

90 2682 125 2756 di
145 2683 343 2768 omniunt,
360 2681 398 2755 in
433 2693 522 2779 quas
555 2682 771 2784 Geographi
827 2680 956 2755 lobum

88 2780 294 2858 terrestrem
318 2777 575 2885 distinguunt,
614 2804 769 2881 quaeque
801 2705 865 2853 ioli
889 2801 956 2877 per

88 2879 245 2958 Zodiaei
274 2876 491 2980 eclipticam,
515 2879 614 2954 ultro
649 2881 818 2978 citroque
853 2898 955 2950 com-

87 2982 240 3067 meanti,
268 2979 306 3052 &
333 2979 379 3052 ad
403 2976 655 3089 incolae-nem
678 2979 785 3055 vario
807 2974 869 3052 vel
894 2997 954 3046 ac·

89 3078 187 3157 ctffu
219 3079 282 3157 vel
321 3076 457 3154 receiiu
488 3078 657 3252 ignienti
698 3093 822 3154 ortum
847 3071 952 3246 suzim

519 3234 522 3239 .
569 3200 586 3274 3
916 3195 954 3247 e·
