2086 3682
141 124 196 237 76
361 110 499 253 ¹Capiat
526 110 607 201 IV.
627 108 791 202 Fabrlla
818 142 851 213 sp
905 204 909 214 ,

139 305 202 356 ces
232 301 306 353 non
336 275 568 377 percipiunt,
600 276 662 350 nisi
695 277 790 351 inter
825 272 991 371 strepims'·

137 398 410 476 campanarum,
425 394 490 449 aut
514 396 773 476 tympanorum
789 376 974 447 tumultus
980 420 992 458 ,

97 554 105 563 ,
136 480 201 553 ubi
232 478 403 557 nimitum
436 470 584 549 officula
621 475 901 551 vehementiore
932 494 991 545 co·

135 576 367 681 piofioreque
389 572 557 674 irruentis
583 574 674 647 aeria
697 594 804 646 motu
832 570 990 645 sollicita·

139 698 179 751 ta
201 672 451 749 membranam
476 672 529 744 ita
553 670 723 756 tendunt,
749 692 793 745 ut
810 670 874 745 luo
889 668 992 769 fungi

138 770 262 851 officio
286 790 410 870 queat.
459 756 644 843 llludlane
658 770 878 853 mirandum,
890 768 990 867 quod

138 875 228 965 alum
269 889 399 943 caeteta
435 870 597 965 corporis
633 870 782 944 humani
814 866 888 942 olla
915 888 989 941 cte-

137 968 254 1053 scum,
280 969 359 1040 haec
380 968 417 1039 ln
443 966 623 1067 puero&
648 968 728 1041 sene
742 966 901 1040 eundem
913 988 992 1039 ma·

137 1067 338 1179 'gnitudinis
362 1067 558 1139 terminum
592 1056 780 1141 habeant*
837 1072 872 1139 Α
896 1082 992 1163 tym-

136 1190 235 1271 pano
261 1165 449 1238 viaducit
473 1166 509 1237 iu
526 1154 695 1263 specum,
729 1168 764 1236 in
790 1162 895 1250 cuius
931 1188 992 1264 pa·

134 1266 229 1343 tie'tu
247 1286 417 1362 ,extremo
444 1282 571 1361 patent
596 1260 670 1337 d'uo
693 1261 821 1337 ostiola
856 1260 915 1339 seu
937 1260 993 1337 fo·

136 1364 289 1448 ramina,
312 1384 393 1462 quae
405 1360 581 1453 fenestras
600 1362 796 1462 adpellant,
816 1386 882 1462 per
900 1384 992 1461 quas

136 1464 175 1555 in
193 1464 347 1561 'tuitiam
378 1462 473 1531 auris
509 1468 704 1536 cavernam
743 1460 803 1535 seu
835 1454 991 1561 labyrin-

136 1554 237 1637 tlmm'
257 1561 342 1644 itur,
369 1556 532 1632 mirabile
555 1566 649 1729 0¹PUS
674 1579 827 1645 naturae,
855 1560 893 1633 δι
908 1582 991 1659 par,

136 1658 167 1733 ll'
188 1676 261 1733 non
287 1657 404 1743 maius
431 1654 568 1732 Cretan
583 1680 605 1729 ι.
645 1689 648 1695 ·
675 1660 771 1734 Hele
792 1653 930 1733 cochlea
953 1659 991 1733 in

135 1756 200 1851 'affe
217 1751 356 1855 patrasti
379 1753 510 1854 triplici
537 1752 716 1831 testudine
741 1754 990 1834 circumdusta

133 1854 286 1939 unitur,
318 1850 442 1953 ulique
471 1854 619 1929 auditui
648 1880 691 1933 or
716 1858 774 1932 ani
809 1858 989 1931 terminus

134 1976 200 2055 per
224 1970 283 2027 tot
309 1948 479 2053 ambages
508 1952 547 2027 δι
570 1882 770 2037 maeaulms
796 1954 986 2055 quantus.

132 2051 283 2153 partim-
299 2069 344 2124 ut
369 2049 476 2125 sonus
500 2051 689 2129 multoties
718 2052 895 2143 refraClus
921 2052 987 2127 cla·

131 2152 207 2225 rior
232 2150 428 2236 evaderet,
450 2150 583 2250 partim
606 2172 652 2225 ut
676 2153 809 2253 species
834 2176 902 2253 per
926 2176 986 2227 an·

131 2248 256 2349 gustos
270 2246 415 2349 ,alveos
445 2248 696 2325 circumvalla
731 2248 925 2349 paullatim
951 2250 987 2324 δι

133 2348 260 2421 ordine
287 2344 347 2447 fibi
371 2344 604 2447 succludentes
634 2349 769 2451 absque
794 2350 982 2461 naufragio

132 2447 179 2521 ad
204 2444 291 2517 litus
319 2441 555 2543 adpellerenti
595 2448 723 2523 ¹*Nunc
748 2449 980 2550 posteaquam

132 2544 288 2620 auditus·
302 2538 485 2618 officinam
511 2543 754 2636 lustravimus,
780 2544 981 2649 quastiose

125 2642 307 2731 'offertio
330 2664 490 2739 quanam
511 2646 643 2743 organi
668 2648 776 2742 hujus
800 2666 910 2748 parte
923 2644 981 2721 liat

128 2744 283 2821 auditio.
348 2740 459 2841 Juxta
491 2742 533 2818 Ρν
555 2744 789 2844 Hunorautm
816 2745 921 2845 lj'abti
942 2766 980 2819 ta

126 2840 315 2943 perfiiittir
339 2840 376 2914 in
402 2842 617 2916 membrana
628 2845 796 2944 tympani
807 2864 979 2945 tanquam

127 2936 328 3041 aptilstm'o,
353 2957 398 3013 ut
424 2958 550 3039 patet,
573 2938 624 3015 ‘all
647 2944 777 3018 lunum
803 2944 975 3045 excipien-

126 3042 216 3113 dum
243 3059 285 3124 ac
310 3038 808 3135 mddendum'iustrume'nto.
840 3046 976 3117 Verum

124 3138 213 3215 huic
236 3132 401 3239 upiui'oni
421 3132 697 3241 utut'spe'closae
721 3140 867 3219 obstant
880 3144 972 3251 duol:

838 3248 842 3257 .
911 3256 973 3339 pn·
