2086 3682
271 184 274 191 ·
370 142 628 269 Astronomiu.
869 154 955 268 463

93 309 275 403 vaticinio
300 312 515 409 neutiquam
541 307 790 410 respondente.
858 312 957 389 Hinc

96 411 211 511 priori
255 409 513 485 adhaerendum
562 408 741 507 systemati
782 410 929 485 videtur
941 461 955 501 ,

94 510 204 607 quod
245 529 474 584 cometarum
525 508 669 607 genefin
702 531 748 583 ex
785 507 956 587 halitibus

97 630 298 709 corporum
325 606 525 684 coelestium
562 610 727 694 derivat,
758 610 956 707 omniaque

96 706 182 783 satis
206 709 403 782 commode
426 706 665 807 phaenomena
690 704 873 806 explicat,
901 708 956 783 su-

95 806 221 907 perius
243 804 428 880 recensita.
504 806 711 880 Confirmat
736 830 796 880 me
824 808 861 879 in
886 808 956 881 hac

95 904 276 981 sententia
300 904 497 1001 plurimum
521 905 701 993 Cometa,
729 905 775 978 de
802 928 875 1004 quo
903 910 956 980 di.

93 1005 132 1079 xi
158 1026 255 1077 anno
288 1026 381 1099 1742
413 1001 648 1090 observatus,
679 1028 789 1101 quem
814 1002 956 1081 felicius

92 1100 293 1219 praedixiffe
316 1100 412 1179 visus
440 1100 492 1177 est
517 1098 644 1177 audior
686 1126 760 1177 non
786 1104 955 1203 ignobilis

94 1224 134 1277 m
165 1200 291 1283 libro,
328 1226 439 1301 quern
474 1202 520 1277 de
551 1200 782 1276 Astronomia
812 1205 954 1301 pridem

92 1318 206 1377 antea
231 1298 392 1399 scripsit,
428 1300 490 1375 ubi
516 1301 612 1374 inter
644 1302 712 1377 alia
743 1323 953 1391 memorat,

93 1423 143 1475 eo
167 1424 241 1499 quo
266 1402 443 1474 Saturnus
468 1424 512 1474 ac
536 1400 678 1499 Jupiter
700 1402 738 1475 iu
765 1399 787 1473 fi
814 1402 885 1486 nis,
910 1420 954 1479 ut

91 1519 257 1585 vocant,
293 1501 408 1600 igneis
433 1499 575 1597 (quale
601 1500 733 1574 Leonis
759 1427 844 1593 eii)
866 1525 954 1576 con·

90 1600 325 1697 iunguntur,
364 1621 531 1698 tempore
556 1614 736 1673 ‘cometas
775 1600 861 1674 oriri
903 1602 952 1679 ob

91 1698 279 1772 crebriora
309 1699 348 1773 &
376 1699 653 1773 vehementiora
686 1718 776 1772 tuuc
807 1719 953 1799 tempu

91 1798 144 1869 ris
169 1792 399 1895 planetarum
423 1800 555 1872 horum
580 1794 740 1886 effluvio,
756 1799 866 1898 idque
890 1827 951 1877 au·

91 1916 227 1969 norum
262 1918 360 1969 retro
398 1895 578 1994 lapsorum
615 1895 790 1995 exemplis
821 1898 951 1973 stabili·

90 1994 183 2069 vit:
208 2018 305 2069 anno
332 2013 458 2067 autern
487 2014 620 2085 1742.
646 2016 851 2068 memorato
876 1999 950 2069 hoc

65 2148 68 2152 -
116 2092 200 2169 lane
229 2093 407 2193 contigit,
441 2091 504 2165 ubi
540 2092 633 2189 Jove
664 2092 702 2165 in
728 2093 880 2190 quinto,
913 2094 950 2171 'Sc

87 2116 311 2267 Saturnum
337 2190 656 2290 decimoseptimo
683 2192 835 2265 Leooini
862 2192 885 2263 fi
913 2195 950 2267 ni

87 2291 210 2389 gradu
236 2291 460 2367 versantibus
486 2312 632 2365 cometa
656 2288 715 2365 iile
738 2288 865 2364 nostris
879 2217 950 2365 {so

64 2388 209 2477 ,oculis
233 2391 388 2464 indulfit.
454 2393 588 2464 Eadem
613 2392 756 2465 ratione
781 2391 949 2466 Medicus

88 2490 242 2661 guidam
270 2515 316 2577 ac
350 2488 556 2565 Matheseos
590 2490 710 2582 cultor
739 2488 883 2590 iufignis
909 2493 948 2565 in

114 2591 250 2666 axonia
287 2589 359 2681 iam
392 2612 487 2662 anuo
525 2598 646 2677 1652.
677 2591 844 2688 praedixit
871 2592 948 2665 Co·

87 2708 231 2763 metam
252 2690 431 2762 orituram
457 2710 551 2760 anno
584 2695 658 2763 166
667 2714 700 2777 4.
728 2688 848 2762 menie
874 2691 946 2762 De·

41 2856 45 2863 .
87 2788 241 2875 nemori,
267 2789 440 2884 eoquod
464 2785 526 2859 illo
554 2785 673 2859 mense
699 2786 851 2885 planetae
867 2811 947 2860 om-

89 2908 155 2961 nes
185 2887 224 2961 in
257 2886 469 2984 Capricorni
511 2885 608 2981 figno
637 2906 862 2959 conventum
889 2908 945 2957 ce-

88 2980 263 3061 lebraturi
289 2984 411 3058 essunt.
462 2985 507 3057 Et
530 3009 618 3057 vero
636 2984 819 3082 respondit
836 3007 945 3057 even·

89 3101 175 3170 tus,
203 3086 309 3174 cujus
333 3083 440 3157 aliam
463 3082 604 3157 causam
633 3107 739 3157 antea
772 3083 946 3180 praeuide·

90 3202 128 3256 re
152 3208 225 3258 uon
260 3185 409 3282 potuit,
446 3180 507 3254 nifi
541 3180 754 3253 concursum
786 3181 947 3279 planeta·

56 3335 61 3341 -
140 3294 333 3389 Braurona.
347 3288 510 3360 Duarrasr'.
524 3290 603 3361 Lru.
616 3294 677 3365 IX.
736 3282 816 3388 Q
873 3306 969 3358 tum
