2086 3682
343 143 600 259 Astronomin.
827 162 913 265 387

57 307 307 397 servationes,
334 326 487 409 quarum
514 306 640 389 Prima
661 310 825 386 omnium
848 335 915 388 no·

59 402 194 483 tiiiima
218 407 291 492 est,
315 432 389 509 qua
412 408 543 497 solem,
573 408 697 484 lunam
724 408 762 484 &
787 432 915 487 omnes

59 504 180 591 stelias
202 507 332 601 viginti
357 528 516 606 quatuor
542 509 642 583 horis
665 508 761 583 circa
779 529 915 585 terram

60 604 217 681 abortu
241 608 279 679 in
307 604 473 681 occasum
498 608 638 682 moveri
664 607 844 692 videmus,
866 608 918 682 id·

61 727 139 803 que
163 705 297 779 dicitur
321 727 446 781 motus
471 708 630 805 primus,
654 725 699 780 ut
725 704 917 806 distingua-

62 822 127 877 tur
150 826 173 874 n·
195 806 302 877 motu
327 802 506 891 secundo,
534 830 642 905 quern
667 802 716 879 soi
729 850 743 893 ,
768 805 853 879 iuna
878 804 918 880 ἃ

61 901 218 1072 pi}netae
242 925 370 987 omnes
395 903 540 979 diverfis
565 904 753 979 itineribus
789 905 833 977 ab
855 925 918 987 oc·

62 1022 148 1077 cau
180 1002 219 1073 in
245 1022 369 1093 ortum
395 1001 573 1077 conficere
596 1003 788 1091 videntur,
826 1024 917 1099 quo·

62 1120 148 1175 rum
172 1118 345 1173 motuum
367 1102 466 1198 prior
490 1101 719 1197 AEquatoris,
770 1097 920 1175 osterior

61 1196 219 1273 Zodiaci
256 1195 313 1273 seu
348 1196 530 1297 Eciipticae
562 1196 712 1271 duiium
743 1124 918 1297 {equitum

18 1310 21 1317 “
61 1294 187 1373 Altera
216 1296 287 1384 eii,
320 1321 391 1396 qua
421 1296 573 1371 siderum
611 1296 804 1397 praescrtirn
841 1296 919 1398 pia·

55 1410 232 1470 'netarum
258 1396 371 1481 ordo,
399 1396 480 1495 quis
503 1395 617 1474 altero
643 1395 821 1499 superior,
836 1397 918 1495 quis

62 1494 214 1571 inierior
239 1493 308 1582 sit,
345 1493 415 1568 fuit
439 1494 702 1597 investigatus,
746 1493 919 1592 felicique

63 1591 227 1683 successu
246 1589 422 1668 deteune
480 1596 682 1692 Negotium
706 1594 779 1669 hoc
801 1594 918 1669 Vete-

64 1716 124 1771 res
148 1693 223 1789 jam
249 1693 287 1766 in
312 1691 346 1767 ie
372 1691 629 1791 susceperunt,
666 1692 724 1769 ἠδ
749 1693 830 1768 rudi
856 1692 919 1767 ad·
1012 1722 1016 1729 ·

64 1792 142 1867 huc
176 1791 375 1867 minerva:
421 1792 566 1867 Verum
602 1793 815 1877 recentioris
848 1789 919 1873 uvi

65 1888 272 1967 ournnnni
313 1887 661 1967 accuratiffimarum
697 1889 919 1966 observatio·

64 1987 316 2065 num-auxilio
341 1986 431 2062 iilud
454 1991 599 2087 penitus
621 1988 822 2064 confecere.
861 1989 921 2062 iu·
966 2010 972 2017 ·

63 2108 123 2165 ter
143 2086 236 2164 aiios
257 2086 517 2185 Coponium,
547 2087 637 2158 dum
664 2109 761 2159 anno
788 2109 800 2157 1
821 2103 918 2174 529.

62 2188 124 2263 die
150 2210 190 2263 2.
214 2186 339 2261 Martii
365 2186 506 2261 Lunam
533 2183 773 2270 obstrueret,
798 2183 920 2258 Vene-

63 2308 144 2363 rem
180 2286 226 2361 ab
256 2309 300 2361 ea
334 2287 421 2360 obte
447 2286 460 2357 i
496 2284 758 2382 deprehendit:
790 2282 920 2367 eadem

64 2384 201 2463 venus
224 2382 314 2459 teste
338 2310 497 2485 Kepfero
516 2402 747 2485 annoss1599.
772 2382 832 2458 die¹
856 2404 918 2460 22„

64 2482 226 2583 Januurii
246 2485 467 2557 Mercruiurn
495 2480 701 2583 eonspeCiui
723 2481 920 2556 subduxite

64 2584 127 2659 hic
151 2605 243 2657 vero
268 2580 328 2657 soli
355 2577 533 2675 subiectus
556 2581 663 2658 instar
688 2579 838 2657 runculae
858 2604 922 2679 ap·

43 2724 52 2739 ν
158 2683 191 2759 it
208 2679 368 2757 Hevelin
392 2704 487 2757 anno
521 2690 624 2775 1674.
649 2681 709 2757 die
732 2687 791 2756 26.
813 2678 922 2776 Apri·

89 2804 128 2861 s..
186 2781 290 2857 Maro
321 2780 452 2877 Jovem
483 2779 670 2855 occultare
703 2776 801 2855 visus
827 2774 922 2855 esta

63 2878 271 2957 Maesthlino
299 2900 396 2953 anno
438 2900 560 2967 1591.
593 2878 653 2954 die
686 2901 722 2969 9.
748 2875 920 2976 Januarii.

64 2974 201 3081 Jovcm
235 2975 300 3049 sub
324 2977 485 3053 Saturno
508 2975 646 3053 stetiise'
667 2999 764 3052 anno
794 2982 921 3068 1563.

66 3077 221 3177 testatur
248 3073 467 3174 Keppierus.
542 3079 596 3151 Ex
617 3078 672 3151 his
703 3074 817 3151 modo
839 3070 921 3146 luce

66 3176 204 3257 einins
233 3193 362 3276 patet,
399 3174 543 3351 Lugebm
575 3197 680 3255 terre
712 3172 933 3347 propioreeffl

407 3292 414 3309 '
492 3356 495 3360 Α
534 3295 552 3371 3
