2086 3682
33 71 35 75 ⁷
118 145 205 249 248
450 130 709 251 Capussffl
787 218 792 226 .

20 328 22 333 ¹
117 294 322 398 prospicere
357 316 505 393 queant.
572 294 742 377 Altitudo
768 316 893 369 autem
919 294 981 371 vei

120 394 255 496 duplex
280 392 340 468 vel
369 393 451 469 talis
477 396 694 493 requiritur,
728 391 833 489 cujus
859 397 905 468 ad
928 394 978 468 la·
1007 487 1009 492 Ι

122 494 319 583 titudinem
343 495 437 568 ratio
461 493 527 580 est,
550 491 668 592 quasis
697 515 781 585 ζει.
834 493 980 570 Praeter·
1017 576 1021 587 ,

122 617 166 668 ea
182 591 393 691 'superficies
417 616 606 667 murorum
623 591 827 665 lateralium
843 596 889 666 ad
904 593 981 691 pia·

121 715 212 765 num
249 691 484 769 fenestrarum
530 691 899 778 inclinari'vdebenm
936 712 981 767 ut

122 813 207 887 cum
231 792 361 865 iisdem
387 776 546 891 angulos¹
565 788 714 864 obtusos
742 808 980 887 componant,

75 965 79 972 ,
121 893 235 988 atque
274 892 326 965 ita
366 890 554 988 copiosiori
599 889 727 962 lumini
764 893 980 986 excipiendo

120 985 220 1062 viam'
248 990 464 1087 praebeant:
498 1009 579 1087 pars
606 1011 753 1087 quoque
778 991 893 1075 muri,
917 988 994 1063 cui'

120 1084 282 1161 fenestrae
311 1087 482 1175 insistunt,
504 1084 726 1161 contradiior
751 1086 791 1161 srt
815 1109 979 1185 oportet,

120 1209 233 1284 quam
261 1211 345 1286 quae
370 1191 551 1281 intereas
577 1187 789 1266 intercedit,
813 1207 862 1262 ut·
881 1211 976 1263 com·

119 1287 265 1360 modior
291 1287 336 1360 ad
359 1285 451 1383 ipsas
473 1284 646 1362 fenestras
670 1287 909 1385 propriorque
939 1286 980 1363 stt

120 1382 290 1458 accessus.
374 1385 487 1481 Porro
521 1388 616 1458 inter
647 1383 817 1460 fenestras
849 1410 979 1462 murus

120 1506 247 1557 earum
286 1482 472 1558 latitudini
508 1483 655 1582 equalis
689 1482 741 1560 'est
772 1481 980 1582 relinquen·

119 1583 210 1669 dus,
234 1605 281 1657 ne
304 1582 444 1673 roboris
471 1586 673 1683 quidquam
699 1580 903 1674 auferatur,
929 1587 991 1659 ob¹

17 1759 21 1768 α
119 1703 231 1778 quam
267 1679 379 1780 ipsam
413 1685 594 1759 rationem
624 1683 669 1757 ab
695 1680 836 1778 angulis
870 1682 980 1757 aedifi·

117 1780 164 1853 cii
196 1798 263 1853 aut
287 1783 393 1869 *muri
418 1803 584 1859 extrema
606 1798 709 1876 parte
735 1781 879 1853 duobus
911 1783 981 1856 rni-

119 1878 263 1953 nimum
297 1877 359 1955 vel
402 1883 518 1958 tribus
552 1877 702 1957 omuino
726 1879 892 1975 pedibus
925 1905 980 1956 re·

117 1977 261 2053 moveri
301 1979 443 2056 necesse
479 1979 541 2056 est.
624 1975 817 2053 Conciave
856 1979 978 2055 minus

79 2130 90 2151 κ
118 2076 209 2155 duas
241 2076 413 2156 ienestras
438 2078 653 2183 plerumque
688 2079 831 2177 exigit,
864 2080 978 2177 majo·

117 2197 162 2252 ra
186 2199 277 2252 vero
304 2197 378 2255 tres
402 2176 462 2259 vei
486 2178 646 2272 quatuor
670 2177 880 2253 admittunt.

172 2374 390 2472 .Januarurn
414 2367 630 2449 structuram
662 2375 823 2474 corporis
848 2375 979 2450 huma·

119 2470 158 2545 ni
183 2477 348 2549 mensura
374 2472 504 2559 docet,
541 2473 647 2567 cujus
679 2472 836 2546 altitudo
863 2498 978 2572 quum

120 2567 180 2645 sex
212 2569 459 2673 potiffimum,
491 2571 651 2647 latitudo
688 2591 812 2646 autem
851 2572 978 2649 habita

119 2691 272 2772 quoque¹
288 2670 523 2746 brachiorum
547 2671 689 2747 ratione
716 2689 789 2745 tres
814 2669 890 2745 fere
914 2696 979 2772 pe·
1009 2701 1012 2705 ·

119 2770 184 2845 des
215 2769 428 2860 contineat,
466 2774 578 2870 janua
594 2769 804 2843 minimum
838 2770 978 2869 septem

116 2870 232 2964 peded
261 2864 366 2958 alta,
402 2892 477 2949 tres
515 2890 602 2943 cum
635 2869 793 2957 ¹dimidio
825 2869 901 2954 iata
936 2871 1014 2945 stt·

66 2991 69 2994 ·
118 2971 277 3066 oportet.
328 2969 515 3054 Latiores,
542 2964 668 3067 quales
695 2970 802 3046 decet
829 2970 975 3057 adhibe,

114 3088 160 3149 ra
180 3089 250 3164 pro¹
273 3068 510 3145 conclavibus
546 3066 746 3162 majoribus
782 3067 842 3144 vei
868 3068 991 3145 tricli··

113 3162 197 3253 uia,
231 3165 374 3257 duabus
402 3165 527 3248 valvis‘
555 3163 788 3244 clauduntur.
860 3168 976 3244 Com·

207 3308 213 3317 ·
243 3322 246 3327 <
398 3313 401 3319 -
896 3291 976 3344 mo·
