2086 3682
127 156 215 283 198.
355 252 358 257 ,
418 161 679 282 vapori&
735 235 737 253 .
984 224 986 233 -

121 333 191 410 cies
213 331 254 405 in
267 352 318 403 ea.
366 323 436 417 Hip
461 322 546 402 addi
569 338 719 427 oportet
731 336 899 425 quartam
924 325 986 402 seu
1029 366 1032 377 «

32 498 35 513 ,
121 433 235 507 imam
247 425 562 526 contignationem
571 448 644 525 pto
663 424 876 514 sentina,uti
889 429 985 502 ratio

121 528 163 609 ὅ(
189 518 270 602 finit
293 525 414 624 operis
437 525 548 620 hujus
563 524 667 623 aquis
681 525 893 623 imponendi
912 525 987 601 sua·

121 629 222 704 dent.
248 625 329 724 jam
343 631 434 699 uero
446 621 907 724 infima‘incolrtignatione
922 624 988 701 ista

120 725 228 803 locus
250 741 330 798 erat
353 721 508 797 suburra
533 721 593 796 seu
625 745 742 797 arenae
754 770 768 810 ,
795 746 875 822 quae
900 725 987 798 navi

120 822 314 902 necessaria
342 819 416 910 est,
450 839 600 896 utnon
633 817 786 896 lluliuet
816 823 853 895 in
889 822 986 896 hanc

114 917 269 1005 'illamve
294 934 461 1025 partem,
496 919 574 1019 sed‘
590 919 653 994 fito
679 919 799 1003 velut,
816 920 985 1020 ¹pondere

120 1020 251 1097 librata
276 1023 315 1109 in
341 1020 444 1120 aquis
467 1015 735 1099 resta-incedat
749 1012 821 1103 ¹via
835 1048 846 1093 a
862 1021 899 1093 in
913 1021 985 1100 hac

119 1141 270 1222 quoque
294 1117 434 1195 sentina
456 1115 553 1207 fuit,
582 1141 664 1218 quae
685 1117 809 1195 lordes
835 1144 856 1194 e
882 1118 996 1219 supe-¹
1021 1149 1024 1154 ’

119 1220 277 1300 rioribus
316 1216 488 1293 tabulatis
510 1241 576 1318 per
603 1216 746 1295 canales
772 1221 958 1319 exciperet
970 1267 993 1306 2<

118 1317 242 1421 postea
256 1340 332 1416 per
356 1313 487 1415 foticas
521 1315 580 1390 seu
610 1314 789 1392 foramina
810 1320 984 1404 emittens

109 1418 199 1496 das.
271 1413 493 1492 infecunda
518 1415 794 1516 contignatione
831 1415 903 1491 srve
928 1437 986 1503 ta·¹

98 1570 101 1581 ·
119 1515 247 1597 bulato
274 1533 354 1590 erat
376 1512 482 1588 locus
499 1513 665 1587 omnium
678 1512 889 1588 animalium
905 1533 1004 1589 tamn

120 1613 321 1714 reptilium⁴
338 1635 448 1710 quam
475 1610 721 1712 gradientium
743 1614 780 1686 in
805 1611 981 1710 plurimas

123 1713 233 1790 cellas
256 1705 422 1800 (Delrio
448 1728 618 1785 numerat
643 1714 858 1805 trecentas)
880 1731 982 1786 utta·

120 1832 194 1913 que
219 1827 390 1910 exparte
417 1805 620 1897 diffinnus,
645 1809 684 1883 in
709 1811 842 1909 quibus
876 1829 982 1886 etant

61 1936 64 1943 ¹
116 1907 310 2013 praesepia,
338 1905 482 2008 aliaque
513 1904 598 1982 vasa
637 1908 760 1983 cibum
786 1909 825 1984 ὅ(
849 1929 982 2008 potum

73 2064 76 2069 ·
118 2006 368 2085 continentiae
392 2007 431 2081 in
456 2007 529 2081 hoc
545 2029 702 2108 ¹quoque
722 2006 888 2084 tabulato
902 2029 982 2084 erat

87 2133 90 2145 ·
118 2107 252 2199 ostium
277 2128 382 2204 arca,
396 2107 508 2204 idque
533 2127 711 2208 magnum
737 2107 978 2207 &amplum

34 2261 37 2269 ·
117 2220 252 2308 utpote
273 2229 338 2306 per
362 2207 465 2302 quod
490 2202 715 2303 elephantes,
741 2205 885 2294 cameli,
899 2229 979 2280 om·

104 2308 249 2404 *nisque
298 2305 415 2380 erretis
446 2304 614 2382 animalia
657 2302 808 2380 fuerunt
836 2306 981 2380 ineam

116 2328 336 2482 innoduffta.
383 2402 511 2482 Tertia
535 2403 762 2502 contignatio
783 2401 979 2506 distingue-

116 2504 228 2580 batur
259 2503 298 2578 in
336 2502 549 2602 Apothecae
575 2523 763 2593 annonam
798 2507 875 2578 tam
912 2528 980 2603 pto
1012 2530 1015 2535 ·

35 2601 37 2604 ’
112 2599 330 2679 animalium
355 2625 468 2703 quam
491 2622 558 2700 pro
583 2600 775 2676 hominum
799 2600 865 2675 usu
887 2625 980 2701 quo·

45 2756 47 2762 η
117 2701 259 2780 tidiauo
288 2694 584 2803 complectentes.
632 2697 727 2774 Heic
751 2723 899 2800 quoque
925 2725 980 2778 te·

116 2799 242 2903 polita,
267 2797 339 2877 fuit
374 2794 558 2897 suppellex
591 2802 669 2872 tam
706 2800 843 2874 urbana
867 2824 979 2900 quam

19 2983 23 2995 ,
116 2897 248 2979 rustica
287 2897 341 2977 ost
354 2892 533 2972 diluvium
544 2895 623 2972 ului
636 2895 770 2974 futura.
799 2899 840 2972 ln
857 2903 977 2996 Qar-

117 3016 161 3077 to
189 2998 229 3074 δι
251 2923 393 3075 ‘AEmn'ro
415 2993 580 3074 tabulato
616 3000 721 3074 locus
753 3017 832 3073 erat
861 2999 978 3074 homi·

115 3098 263 3173 minum·
285 3095 325 3171 &
345 3093 505 3190 avium:
570 3095 663 3172 rimo
686 3097 798 3199 igitur
823 3116 902 3173 erat
927 3100 978 3172 ibi

74 3246 88 3252 -
113 3193 333 3284 ,cubiculum
355 3182 451 3273 Noe.
465 3192 514 3274 δι.
566 3196 699 3288 lotum,
724 3192 929 3275 distinctum
954 3223 976 3272 a

773 3336 779 3353 r
855 3317 976 3398 arne·
