2086 3682
133 114 221 228 40⁶
393 232 395 235 ψ
456 64 584 227 capp
616 104 720 200 VJJ.

135 277 277 359 diebus,
293 272 423 346 Venus
449 270 524 347 fere
549 274 718 347 ducentis
742 270 873 371 vigir‘rti
888 272 992 370 quin·-

134 398 221 474 que‚
249 373 454 446 Mercurius
479 374 622 446 circiter
647 372 796 471 triginta
821 367 990 457 peropa-

135 493 268 547 turnus
292 473 355 543 vix
379 495 451 545 non
475 471 625 572 triginta
656 471 788 558 annis,
821 468 901 543 fixae
928 471 1009 566 deq

135 595 240 649 mum
263 590 414 661 25415
447 590 513 652 aut
535 582 687 655 28000
712 586 893 643 annorum
917 567 990 668 spa·

133 672 227 764 tio)
255 670 349 743 ratio
381 669 530 767 inquam
568 667 784 742 diversrtatis
810 668 921 762 hujus
945 676 992 756 ex

70 803 98 837 .·
133 767 325 844 velociore·
343 766 404 841 vel
429 769 589 859 tardipre
612 787 720 841 motu
746 790 835 840 vero
861 789 1019 841 corun·¹

89 869 220 943 ‚dem
243 865 404 941 -fiderum
445 869 603 964 petenda
634 864 696 942 est.
728 890 731 895 ’
771 869 859 961 Qro
892 867 991 941 enirn

137 968 256 1066 magis
287 966 380 1040 fidus
413 964 561 1064 aliquod
593 987 735 1041 aterra
769 965 877 1063 distat
891 1012 904 1052 ‚
944 989 990 1055 ep

135 1065 268 1159 majori
292 1069 403 1139 etiam
430 1066 569 1138 ambitu
597 1062 656 1138 seu
683 1063 992 1139 circu-locircum·

136 1163 514 1259 volvitur‚.(habent
539 1165 674 1264 quippe
700 1161 734 1237 se
758 1161 912 1248 circuli,
947 1181 997 1239 ut

52 1300 55 1307 ¹
136 1265 339 1338 eorundem
352 1263 464 1337 radii:
490 1264 578 1336 radii
602 1282 730 1339 autem
755 1259 991 1348 circulorum,

136 1360 176 1439 in
212 1362 343 1461 quibus
379 1381 554 1464 gyrantur
588 1360 727 1449 fidera,
761 1359 851 1435 nihil
891 1359 1013 1435 aliud.

164 1483 250 1535 uam
296 1457 377 1558 ipsae
425 1460 572 1537 illorum
612 1486 634 1535 a
671 1480 768 1537 terra
816 1456 992 1535 distantiae

127 1483 275 1655 pum)-
309 1561 560 1656 Quamobrem
588 1559 666 1635 fixae
696 1559 856 1660 longius,
875 1561 991 1635 immo

107 1654 342 1760 'longiffime
380 1685 402 1734 a
438 1678 534 1732 terra
574 1678 725 1733 remota
764 1661 860 1732 intra
891 1659 990 1735 idem

134 1778 286 1855 tempus
311 1756 428 1851 majus
462 1754 638 1857 spatium,
671 1756 826 1858 planerae
857 1776 991 1854 utpote

104 1876 108 1887 ’
138 1855 260 1933 telluri
286 1858 487 1959 propiores,
513 1857 634 1947 minus
660 1855 764 1930 cursu
787 1853 854 1930 suo
879 1854 992 1933 confi·

138 1959 262 2045 ciunt,
292 1978 403 2055 atque
430 1957 480 2031 ita
506 1957 587 2032 illos
608 1955 790 2042 velocius,
824 1956 894 2031 hos
919 1974 991 2029 tnr-

139 2057 222 2131 dius
256 2058 398 2131 moveri
437 2055 618 2133 necessum
651 2054 747 2130 est.‘
788 2055 925 2149 Quare
947 2073 992 2129 ut

135 2157 263 2257 paucis
289 2156 411 2230 omnia
435 2156 579 2239 dicam,
615 2154 751 2253 fingula
777 2152 889 2229 srdera
913 2177 990 2228 mo·

136 2275 198 2329 tus
235 2252 286 2328 sui
318 2254 507 2327 exordium
547 2253 690 2329 ducunt
730 2280 749 2324 a
786 2252 991 2329 M'eridiano
1028 2290 1032 2295 ·

58 2390 61 2395 ·
136 2350 260 2428 versus
287 2348 481 2439 occasum,
519 2349 623 2450 fique·
640 2352 685 2426 ad
711 2353 870 2427 eundem
893 2352 991 2427 intra

138 2453 311 2526 horarum
351 2451 482 2549 viginti
520 2472 678 2550 quatuor
721 2449 875 2551 spatium
913 2474 991 2527 non

20 2591 21 2594 κ
137 2549 289 2623 omnino
323 2551 441 2625 redire
474 2548 609 2638 liceat,
650 2552 831 2650 contingit
869 2569 915 2625 ut
946 2573 992 2643 er

137 2670 219 2749 quae
245 2644 383 2723 tardius
410 2670 626 2733 moventur,
652 2649 808 2739 majore,
831 2666 990 2747 quaeves

137 2745 271 2833 locius,
297 2749 440 2823 minore
463 2744 655 2822 intervallo
681 2748 725 2820 ab
751 2746 884 2822 eodem
911 2752 993 2834 Me«

136 2847 277 2921 ridiano
303 2847 545 2945 sejungantur.
591 2846 718 2945 ltaque
744 2871 857 2945 quum
885 2842 1015 2922 stellae'

136 2942 236 3032 fixae,
262 2965 436 3042 tanquam
461 2945 625 3019 omnium
650 2943 912 3035 remoriffimae,
927 2953 990 3021 v'e·

51 3101 54 3107 .
135 3040 311 3119 lociffimo
335 3042 558 3140 abripiantur
583 3063 708 3135 motu,
733 3042 898 3120 absoluto
925 3068 990 3130 eo,

136 3165 250 3244 quem
273 3141 445 3233 diurnum
470 3163 624 3235 vocant,
651 3144 759 3222 unico
786 3145 850 3223 vix
871 3148 990 3222 minu·

201 3280 210 3304 ··
947 3265 989 3321 to
