2086 3682
230 90 539 271 Arnaennpne'a
566 149 776 249 Militares.
872 180 957 274 303

460 344 500 463 §-
537 344 612 439 lv.

126 539 297 653 'Obstdin
337 572 382 633 nc
408 541 570 655 definſso
596 540 815 647 munimenti
830 546 922 662 pri·

429 680 500 774 scis
534 678 676 775 ufitata.

505 859 599 936 un.
621 948 625 954 ,

101 964 373 1131 Munitionis
410 992 506 1089 ratio¹
543 982 733 1092 hucusque
774 991 957 1090 explicata

226 1090 334 1169 velut
365 1087 465 1173 reeh
492 1091 553 1165 via
574 1114 642 1169 nos
673 1091 776 1164 ducit
803 1093 847 1166 ad
870 1092 959 1166 obfi-

95 1190 216 1287 dionis
256 1188 544 1287 defenfionisque
577 1189 732 1272 modum
775 1190 958 1273 declaran-

94 1290 196 1363 dum.
263 1288 398 1389 Operae
425 1291 584 1388 pretium
626 1308 752 1365 autem
777 1290 848 1366 erit
867 1313 957 1389 prae·

93 1389 245 1475 mittere
266 1386 468 1465 Priscorum
485 1410 642 1476 morem,
667 1410 782 1486 quem
802 1391 839 1465 in
863 1387 955 1464 obfi-

89 1487 223 1573 dendis
261 1488 498 1563 munimentis
543 1489 869 1589 expugnandisque
895 1498 957 1563 'te-

92 1600 279 1674 nuerunt3
302 1609 383 1687 quae
405 1610 463 1661 res
484 1585 615 1661 serviet
638 1610 712 1662 non
725 1610 854 1686 parum
872 1606 955 1661 tum

93 1686 141 1763 ad
168 1683 373 1763 nostrorum
400 1706 611 1785 temporum
644 1686 775 1784 hisque
814 1688 956 1769 vicino·

92 1806 178 1875 num
192 1804 289 1861 artes
307 1782 455 1863 bellicas
485 1783 724 1884 inspiciendas
741 1808 955 1885 comparen-

93 1883 256 1981 danqne,
285 1901 367 1963 tum
399 1884 445 1958 id
471 1883 586 1957 intelli
615 1884 729 1960 endos
750 1883 952 1981 Historicns

91 1980 252 2059 Veteres
276 1983 449 2068 Livium,
475 1982 581 2079 Virg'
600 1983 703 2068 nm,
739 1982 950 2070 Lucanum,

90 2082 273 2169 Statium,
288 2080 543 2176 -tenebrnsque
566 2076 665 2163 illas,
693 2101 784 2174 quas
807 2081 950 2156 induxit

91 2178 272 2267 vetustas,
304 2202 402 2255 nova
426 2176 508 2251 luce
546 2174 648 2273 quasi
675 2176 799 2250 addita
825 2177 953 2273 dispel.

86 2278 229 2357 lenias.
295 2284 351 2353 Ac
374 2279 493 2378 primo
523 2276 672 2373 quidem
697 2276 743 2350 de
772 2278 951 2351 machinis

91 2377 293 2480 priscorum
320 2377 392 2452 hoc
412 2379 453 2453 in·
469 2376 622 2475 negotio
641 2375 811 2450 adhibitis
827 2376 950 2451 dicen·

88 2480 192 2553 dum.
255 2473 537 2551 Vetustiffimam
560 2492 688 2551 earnm
722 2476 949 2555 mentionem

89 2577 240 2678 reperio-
255 2576 294 2650 in
316 2577 375 2650 SS.
396 2575 513 2650 Libris
538 2581 615 2670 (q)
658 2573 793 2666 Instrue
817 2569 949 2650 machi-

89 2700 177 2767 nas,
204 2670 312 2750 donec
333 2676 451 2776 capias
475 2673 674 2747 civitatem.
721 2675 767 2748 Et
792 2676 857 2768 (r)
885 2670 950 2747 Fe·

63 2779 142 2851 'cit
165 2773 284 2850 Ozias
313 2768 390 2850 Rex
419 2776 459 2847 in
481 2769 527 2847 H
529 2768 708 2861 ierustilem
738 2767 873 2863 diversi
888 2794 948 2873 ge·

82 2875 183 2959 ,neeis
205 2862 411 2960 machinas,
494 2892 532 2945 as
557 2873 597 2943 in
621 2863 783 2947 turribus
806 2866 949 2949 colloca·

88 2976 147 3051 vit
159 3021 174 3066 ‚
215 2968 264 3049 ἔθ’
288 2971 330 3045 in
353 2992 447 3071 nege
460 2971 493 3042 is
516 2989 724 3056 murorum,
760 2981 803 3041 ut
826 2970 950 3041 mitte

363 3100 369 3105 ·
860 3078 957 3141 -rent

190 3198 265 3282 (q)
300 3157 521 3263 ommni.
542 3213 595 3261 20.
630 3246 633 3251 .
680 3229 684 3233 ·

191 3300 265 3380 (r)
300 3317 331 3371 2.
357 3295 546 3383 Paralipom·
570 3296 631 3374 26„-
