2086 3682
104 56 247 209 ἰοὺΙζφὶἱ
448 110 592 238 ‘Caput
616 111 698 235 IV.

127 282 300 358 rendum.
352 258 986 381 Qrsndenuemnnorumprn·

47 412 49 417 ·
98 376 987 581 'rr1inmuniunsruniz

124 579 208 671 sulio
234 576 440 659 ,fortunatis
452 627 466 670 ‚
496 579 599 655 haud
630 579 761 680 procui
789 581 835 657 ab
859 577 988 656 Africa

123 674 233 777 dnn-3
279 681 430 780 quidam
459 678 498 754 in
516 676 632 754 infula
657 680 694 753 S.
713 677 861 756 Nicoiai
882 681 986 777 iuxta

122 781 241 861 viride
265 766 597 879 promontorium3
630 777 691 852 alii
718 802 805 854 curn
831 781 998 869 Hondio¹

18 912 20 919 ¹
122 881 165 956 irr'
187 877 303 954 insuia
335 882 371 954 S.
398 878 550 977 jacobi,
581 877 703 953 ruriirs
724 877 784 953 alii
805 880 843 955 in
864 881 982 959 Cana·

121 981 213 1056 riisr
247 976 356 1069 (iulii¹
373 979 411 1053 in
442 973 558 1051 insula
586 974 715 1067 Ferri,
748 977 921 1057 Hoilandi
943 981 983 1057 in

82 1168 86 1173 ,
120 1076 307 1177 Teneriffa
319 1126 334 1167 ‚
367 1075 553 1173 Ricciolus
573 1097 660 1150 cum
683 1075 811 1153 multia
831 1078 982 1165 ininsu-

120 1177 157 1255 la
174 1179 320 1267 Palma,
343 1172 510 1251 nonnulli
535 1195 621 1249 cum
640 1175 849 1254 Mercatore
875 1179 912 1255 in
926 1181 982 1257 in·

120 1278 205 1354 solis
223 1275 429 1353 Flandricisv
444 1271 517 1350 five
535 1275 716 1350 Azoribus
730 1277 889 1376 primum
913 1277 980 1354 sta-

120 1397 274 1453 tuerunt
296 1373 564 1463 Meridianuma
602 1373 761 1449 necdum
782 1397 908 1452 tamen
926 1402 980 1455 re·

119 1501 203 1555 rum
228 1478 359 1552 harum
374 1473 482 1574 periti
505 1474 544 1549 in
561 1490 705 1550 certum
721 1478 917 1574 quemdam
933 1498 980 1555 er

63 1588 67 1597 ‘
118 1576 335 1654 memoratis
354 1569 574 1649 consensere.
621 1571 721 1647 Hinc
738 1597 814 1650 non
833 1579 980 1655 modica

118 1678 158 1753 in
182 1699 334 1778 mappas
354 1672 629 1774 Gcographicar
645 1664 806 1751 diffenfio
827 1675 978 1777 irrepfit.

27 1842 32 1853 .
118 1776 281 1869 Tertio,
321 1770 489 1849 Horizon
517 1770 570 1847 est
601 1771 760 1848 circulus
783 1771 876 1864 ilie,
913 1777 1008 1877 qui'

117 1872 249 1975 equali
269 1899 291 1949 a
313 1871 454 1957 Zenith
483 1870 543 1947 seu
564 1868 702 1971 pundo
720 1874 869 1949 verticis
903 1875 977 1977 spa·

117 1976 173 2055 tio
204 1974 367 2074 undique
398 1991 564 2049 remotus
598 1971 639 2045 in
672 1969 810 2071 sphaera
847 1996 978 2052 concr-

359 2071 432 2148 obo
468 2092 574 2147 terrae
596 2092 803 2148 convexam
834 2069 1008 2175 superii,

115 2096 204 2151 vam
216 2122 230 2165 ,
256 2095 294 2148 m

116 2174 212 2251 ciem
245 2174 285 2248 in
313 2071 405 2245 iias
429 2192 553 2270 partes
575 2167 704 2262 secar,
738 2173 791 2246 ita
826 2192 872 2247 ut
902 2197 979 2255 una

62 2308 65 2315 ³
104 2316 107 2323 ·
136 2278 142 2287 '
183 2297 200 2350 s
227 2288 354 2373 pateat
381 2267 500 2342 oculis
522 2268 684 2357 nostris,
711 2267 827 2345 lateat
850 2266 977 2351 altera.
1012 2284 1022 2301 ‘

154 2397 222 2447 nus
245 2372 446 2455 duntaxat,
470 2367 576 2464 isque
604 2363 737 2441 stabilis
761 2369 917 2448 horizon
938 2374 976 2449 iu

114 2466 470 2583 utraque-machina
507 2462 735 2556 exhibetur,
766 2467 977 2573 diciturque

112 2565 326 2655 rationads,
352 2564 528 2738 quoniam
554 2562 636 2641 sola
660 2567 802 2643 ratione
822 2573 976 2743 qercipi·
1003 2642 1011 2659 .,

57 2726 61 2731 .
113 2687 198 2753 tur,
219 2661 314 2741 'non
374 2661 493 2750 ensu,
525 2663 614 2738 dum
648 2666 789 2742 interea
850 2672 976 2749 orizon

102 2759 281 2865 stnlrbilir
305 2762 365 2839 seu
384 2762 543 2839 circulus
564 2765 603 2838 in
622 2762 731 2864 pla'no
749 2766 976 2872 (quousque

110 2865 244 2943 oculus
275 2861 395 2939 noster
416 2864 683 2962 circumvagari
705 2866 847 2965 potest,
875 2894 975 2947 nern-
1022 2928 1024 2937 .

110 2988 160 3070 pe
180 2967 224 3041 ad
239 2984 400 3064 quatuor
417 2960 599 3036 summum
617 2960 783 3042 milliaria
802 2972 822 3061 )
850 2969 897 3043 ad
914 2970 975 3047 fin.

111 3063 220 3167 gulos
240 3061 358 3165 parius
371 3109 384 3148 ‚
412 3084 671 3160 quamcunque
702 3065 739 3139 in
761 3064 906 3171 plagam
938 3088 975 3147 te

54 3214 57 3219 ·
110 3184 262 3253 ¹vertar,
282 3159 467 3239 murabilis
492 3159 556 3238 est.
609 3160 818 3243 Aiironomi
839 3188 975 3271 magno

889 3292 974 3346 cum
