2086 3682
267 177 390 270 Varia
400 174 617 270 morborum
625 142 781 294 §mun
888 205 974 295 203

122 366 267 431 nervos,
286 320 468 418 muscblos
485 368 528 419 ac
549 345 739 418 cerebrum
758 343 915 431 irruunt,
933 345 974 420 δι

121 443 229 565 instar
250 442 411 543 pulveris
431 444 523 543 pyrii
542 443 679 519 accenfi
696 441 954 559 exploduntur.

202 587 355 692 Vertigo
385 588 455 676 eli,
480 591 626 690 quando
657 613 715 673 tes
741 586 890 685 objetlae
911 608 978 665 aut

122 686 238 788 ipsum
266 700 372 767 etiam
401 691 570 788 caputio
593 711 724 790 gyrum
741 690 884 763 moveri
902 712 979 789 cre·
1007 758 1015 771 ,

121 791 281 875 duntur,
308 789 410 882 cujus
432 792 483 863 rei
506 790 624 863 caulla
645 787 696 863 est
713 782 921 887 inordinata
941 788 980 865 ἀ
1037 818 1040 825 ’

78 894 82 903 ’
121 882 300 960 llulluans
321 886 507 986 spirituum
528 886 735 962 animalium
758 888 981 984 metimque

121 988 310 1059 cerebrum
329 1008 501 1085 tanquam
528 986 646 1062 sedem
669 988 875 1087 primatiam
904 982 978 1062 affi-

121 1084 184 1172 cit,
208 1088 427 1183 quandoque
454 1110 537 1161 cum
567 1088 710 1162 aurium
735 1088 871 1160 tinnitu
893 1108 977 1161 con·

121 1181 258 1280 junlla.
322 1186 429 1259 Hanc
452 1207 576 1260 autem
595 1187 755 1261 excitare
769 1182 898 1259 solent
919 1210 980 1258 va·

120 1304 229 1381 potes
244 1285 305 1359 vel
327 1309 348 1359 e
368 1285 426 1359 lan
454 1286 538 1374 uine
556 1283 763 1370 ebulliente,
781 1284 841 1359 vel
864 1312 885 1359 a
901 1283 976 1357 sero

120 1400 185 1456 aut
208 1382 279 1457 bile
294 1310 551 1476 effervelrente
573 1383 704 1458 sursum
724 1381 804 1472 atti,
818 1405 977 1458 motum·

120 1503 195 1580 que
219 1481 412 1581 spirituum
425 1480 702 1582 ‘perturbantes¹
726 1490 729 1497 “

192 1622 376 1703 Pbrrnitir
394 1630 445 1707 est
464 1630 649 1728 apostema
671 1628 731 1704 seu
753 1627 860 1703 ulcus
880 1625 979 1703 cero

118 1725 196 1811 bri,
222 1731 321 1828 quod
349 1730 384 1805 in
406 1729 673 1807 membrana&
689 1728 919 1826 meningibus
933 1728 978 1802 ab

118 1821 295 1898 influente
326 1827 585 1929 stagnanteque
615 1830 743 1909 acriori
778 1849 825 1903 >ac
863 1825 981 1902 ferve-

115 1919 243 1993 scente
263 1921 432 2019 sanguine
458 1926 721 2011 inflammatur,
752 1929 981 2025 comitesque

116 2018 232 2094 habet
259 2020 464 2099 individuas
493 2020 629 2112 febrim
655 2023 868 2095 continuam
897 2047 980 2096 acu·

77 2133 92 2190 ’.
117 2140 210 2207 tam,
229 2118 411 2208 delirium,
434 2120 471 2195 ὃ(
490 2117 633 2219 vigilias
648 2115 955 2218 pertinaciffimas.

192 2266 291 2340 Huic
310 2267 473 2343 vicinum
499 2264 636 2341 malurn
659 2263 788 2365 Muqia
816 2263 876 2340 seu
896 2264 982 2353 inla-

119 2365 193 2450 nia,
212 2365 379 2440 delirium
403 2366 472 2442 fine
497 2365 611 2453 febre,
632 2364 782 2441 sednon
801 2364 981 2440 srnefuro·

117 2487 167 2536 ne
204 2465 241 2538 &
268 2467 457 2555 audatia,¹
477 2462 661 2565 afficitque
688 2465 876 2539 cerebrum
908 2489 982 2539 una

119 2584 205 2637 cum
230 2565 411 2663 spiritibus
431 2560 658 2650 animalibus,
676 2587 744 2637 nec
772 2586 844 2639 non
867 2564 984 2662 ipsum

119 2683 194 2734 cor.
240 2662 986 2761 Radixautemistiusmorbil'untiplotum

119 2758 309 2859 spirituum
337 2762 549 2838 animalium
580 2760 739 2848 fervida,
779 2763 906 2861 ignea,
939 2784 985 2836 ex

119 2860 288 2936 acido&
320 2858 388 2938 sale
418 2864 593 2938 acerrima
615 2863 869 2960 intemperies,
903 2878 985 2937 tum

119 2955 302 3058 sanguinis
330 2982 407 3036 atra
441 2959 510 3038 bile
536 2957 657 3036 infecti
684 2959 799 3034 crafis.

120 3178 123 3183 ,
193 3101 428 3181 Melancholia
451 3106 502 3181 eli
532 3107 739 3208 symptoma
779 3108 987 3208 depravate

118 3205 390 3306 imaginationis
408 3230 494 3283 cum
508 3209 652 3298 timore,
664 3205 849 3296 maellitia,
860 3206 991 3284 animi·

917 3328 990 3404 que
