2086 3682
216 146 523 238 Arciritriionim
545 146 602 237 M
603 148 754 237 ilitaris.
853 180 940 265 299

88 315 262 388 reddatur
285 308 400 400 hosti,
437 308 660 408 obietiisque
684 310 847 410 pluribus
877 318 941 387 im·
975 292 979 309 ¹

89 415 308 514 pedimentis
338 412 501 505 ejusdem
542 409 693 483 insultus
724 412 941 488 diuturniori

89 533 255 611 tempore
282 510 545 601 distrahantur,
581 510 700 583 donec
729 514 790 584 vel
813 535 942 588 manus

89 612 270 701 auxiliaris
295 609 473 683 laboranti
501 608 730 683 munimento
756 607 801 681 ab
825 613 942 685 amieo

89 712 254 785 exercitu
279 706 435 793 feraturt
457 704 518 781 vei
541 726 796 876 oppugnantes
821 706 945 786 labore

88 806 212 892 fraeii,
243 826 309 881 aut
334 828 484 880 annonae
509 806 554 877 de
570 803 672 891 etin,
708 805 946 905 tempestatis.

112 932 162 984 ue
193 906 332 1002 injuriis
349 901 477 1001 :preffi
513 904 734 978 obfidionem
766 926 947 1005 cogantur

59 1060 61 1064 »
89 934 242 1091 pulvere,
273 1024 338 1078 aut
358 1003 486 1077 saltem
513 1021 557 1075 ut
577 1005 847 1076 munimentum
870 1030 943 1080 non

88 1105 273 1190 inultum,
311 1126 379 1176 nec
402 1102 472 1175 stne
496 1103 622 1200 grandi
649 1100 785 1174 hostilis
811 1108 947 1179 exerci-

88 1226 150 1279 tus
176 1202 291 1302 strage
316 1204 525 1300 damnoque
549 1199 680 1275 uitiori
702 1202 822 1276 ce‘dat.
846 1204 946 1279 Huic

87 1304 151 1379 fini
173 1325 263 1402 pero
290 1322 447 1400 portum
472 1298 525 1373 est
555 1298 630 1373 visa
665 1322 819 1398 operum
846 1322 947 1376 exte.

87 1406 227 1477 riorum
252 1326 426 1473 titanum
450 1397 546 1486 talis,
571 1421 652 1498 quae
674 1399 772 1473 idem
799 1424 892 1500 opus
906 1405 946 1477 in

87 1502 212 1603 piures
243 1497 358 1595 veluti
399 1499 587 1594 portiones
618 1496 817 1593 interietiis
848 1497 946 1575 foffis

87 1598 292 1674 minoribus
317 1597 555 1696 dispesceret,
593 1620 747 1695 quarum
777 1600 947 1696 quaelibet

88 1722 231 1797 novum
258 1696 409 1795 semper,
435 1695 641 1795 &integro
667 1697 769 1795 operi
794 1700 856 1776 vix
873 1724 946 1774 non

88 1820 157 1896 par
180 1799 369 1897 negotium
395 1793 583 1869 faceiieret
607 1794 864 1886 obfidentibus,
882 1803 946 1873 ob.

91 1890 187 1969 seins
210 1918 299 1969 vero
334 1918 407 1967 una
431 1912 641 1992 expugnata
674 1908 749 1968 non
774 1895 947 1974 deficeret

87 1994 235 2081 aiia‚·in
261 2016 373 2091 quam
400 1990 435 2062 fir
457 1993 673 2087 reciperent,
688 2016 863 2090 novoque
888 2022 947 2072 co·

87 2116 182 2167 natu
198 2093 282 2167 -sese
314 2110 501 2192 opponere
524 2086 707 2187 ¹poiseot3
745 2112 818 2186 qua
849 2098 887 2169 in
906 2118 946 2177 re

90 2192 173 2274 sane
187 2191 343 2269 excellet
362 2186 564 2266 methodus
587 2185 814 2265 Vaubanica.

166 2388 369 2486 Hucusque
391 2382 493 2460 dicia
515 2386 561 2458 de
581 2385 819 2461 munimentis
845 2383 950 2459 intel·

88 2488 116 2565 u
141 2489 238 2564 enda
274 2487 382 2573 sunt,
422 2508 503 2583 quae
534 2507 717 2559 vocantur
757 2484 949 2586 regularia.

129 2610 236 2664 erum
262 2588 344 2659 sunt
368 2584 405 2659 ἃ
431 2584 521 2669 alia,
553 2606 632 2682 quae
659 2585 833 2657 dicuntur
856 2586 957 2660 irre··

90 2687 245 2781 gislario,
272 2688 332 2759 iou
358 2706 515 2782 quorum
539 2681 601 2757 uei
628 2682 750 2782 auguli
777 2681 839 2756 vei
865 2682 950 2759 late

90 2810 163 2876 ra,
205 2784 267 2858 vel
307 2805 463 2877 utraque
491 2779 591 2853 fimui
618 2783 714 2856 inter
740 2780 773 2854 se
800 2780 954 2857 suntin.

90 2884 270 2989 aeqoaii23
304 2883 469 2978 quadam
501 2880 668 2978 longiora
695 2880 734 2953 &
758 2878 953 2978 ampliora,

90 2985 259 3085 quadam
287 2981 453 3053 breviora
492 2977 530 3050 δε
562 2975 793 3077 augustiora,
823 2983 874 3051 ita
911 2998 956 3054 ut

117 3080 339 3157 ulcherrima
376 3076 436 3151 illa
474 3076 723 3150 membrorum
764 3078 954 3177 proportio

92 3106 323 3291 {partium
366 3169 584 3273 conspiratio
623 3176 748 3259 exulet
780 3178 826 3253 ab
862 3176 974 3271 ejus·-

181 3325 187 3337 -
215 3314 245 3389 0
474 3269 554 3377 Tr
871 3298 948 3358 mo·
