2086 3682
359 152 615 276 nngnpnn.
778 96 783 105 ’
856 154 946 271 99*

54 313 269 420 Composita
296 337 421 396 tamen
443 326 488 397 ad
510 322 646 422 polum!
660 338 740 395 tum
763 318 917 419 sphaera.

54 441 131 494 tum
151 419 266 518 globo
288 440 445 519 utecque
469 421 563 495 facili
586 422 713 496 labore·
731 420 917 520 cognoscit

51 520 183 595 mundi
215 518 400 617 plagas&
424 520 505 595 loca
530 540 748 609 ventorum,
773 543 853 619 quae
879 522 917 593 in

52 618 248 693 horizonte
272 616 465 695 artificioso
491 640 707 694 notantur.·
747 620 916 695 Secundo

54 715 224 792 circulus
249 706 499 808 Meridinnus,
535 722 596 818 qui
626 742 690 821 per
720 718 789 793 hos
822 704 916 821 idios

101 817 159 892 los
179 818 218 889 ἃ
234 813 388 914 ρυηᾶκ,
420 814 549 893 Zenith
576 844 618 892 ac
643 816 768 893 Nadir
793 818 918 918 adpel-

88 938 147 1003 ω,
175 918 339 1003 ducitur,
365 917 401 990 in
422 939 582 1017 quatuor
601 939 723 1018 partes
747 918 918 1015 equales,
949 998 959 1009 ,

56 1038 212 1114 quarum
235 1018 375 1111 quaevis
407 1038 475 1103 90.
501 1019 635 1113 gradus
658 1018 841 1106 continet,
868 1018 920 1090 di·

58 1115 163 1190 viius.
234 1116 381 1187 Arbiter
413 1117 474 1187 hic
504 1114 555 1188 est
577 1117 673 1189 inter
694 1110 856 1190 oriivnm
882 1115 921 1190 δι

60 1216 258 1289 occiduum
282 1213 411 1299 solem,
438 1215 503 1312 qui
529 1212 700 1288 ad'hunc
720 1213 825 1293 cursu
857 1213 921 1287 suo
950 1232 958 1243 ·
989 1234 992 1239 ’

61 1312 223 1411 delapsus
248 1315 407 1388 mediam
431 1318 534 1387 diem·
552 1310 775 1413 nodcmque
800 1311 924 1387 dister-

43 1414 211 1507 minat:
240 1411 280 1484 in
308 1412 418 1511 globo
451 1434 576 1512 autem
608 1415 813 1501 intereas,
838 1434 922 1511 quae

64 1509 310 1585 Occidentem
330 1512 465 1599 versus,
492 1514 530 1588 ὅ(
544 1512 633 1600 illas,
646 1536 725 1611 quoe
741 1513 786 1586 ad
804 1515 924 1588 orien·
970 1576 973 1583 .

63 1628 135 1684 tem
149 1608 222 1683 sstae
239 1610 343 1694 lunt,
373 1609 507 1710 plagas.
559 1615 665 1685 Unus
686 1613 826 1687 eminet
843 1613 924 1685 Me·

64 1709 223 1783 ridianus
243 1709 280 1803 in
300 1707 432 1806 sphera
458 1711 496 1784 ὅ(
513 1708 624 1811 globo
639 1728 783 1811 ,quem
811 1712 925 1785 rntio·

64 1804 175 1883 nalem
200 1827 350 1882 vocant.
410 1811 482 1883 Hic
506 1809 592 1883 licet
613 1812 839 1898 immobilis,
868 1811 925 1882 vi·

66 1929 143 1983 cem
176 1909 344 1980 omnium
367 1913 652 1983 meridianorum
677 1909 821 1985 sustinet
857 1909 926 1982 cir·

67 2002 234 2081 cumada
255 2004 387 2103 sphaera
406 2007 467 2082 vel
489 2005 618 2104 globo,
645 2010 779 2103 inquo
800 2026 927 2081 tannen

66 2104 283 2205 Geographi
312 2105 402 2179 alios
429 2128 610 2203 quoque,
644 2126 738 2200 quos
752 2100 927 2198 senfibiles

66 2204 215 2292 dicunt,
240 2227 304 2303 per
327 2205 454 2276 decem
473 2203 653 2301 graduum
672 2202 709 2274 in
728 2203 929 2301 AEquatore

66 2305 379 2379 numerandorum
402 2302 515 2403 spatia
537 2329 559 2377 a
582 2301 615 2375 se
636 2295 773 2375 diffitos
801 2299 930 2376 descri-

34 2412 37 2417 '
67 2402 187 2490 bunt,
222 2426 380 2501 quorum
414 2424 589 2475 numerus
620 2401 666 2475 ad
698 2402 846 2500 triginta
872 2400 930 2476 sex

71 2502 240 2578 ascendit.
310 2500 458 2600 Insignis
481 2500 531 2575 est
556 2500 685 2575 autem¹
715 2501 797 2576 usus
819 2502 932 2576 Meri·

71 2602 190 2687 diani,
221 2599 449 2675 Astronomis
472 2601 620 2700 quidem
640 2598 692 2674 ad
713 2600 931 2700 cognoscen-

71 2700 131 2777 das
152 2698 331 2776 astrorum
355 2699 643 2787 declinationes,
671 2719 781 2797 atque
806 2699 932 2771 altitu·

70 2803 191 2899 ginem
212 2798 291 2873 Poii
317 2799 355 2872 ὅ(
381 2800 590 2897 AEquatoris
616 2797 931 2893 investigandam

42 2952 47 2967 .
71 2898 305 2998 Geogi·aphis
329 2897 383 2975 ad·
398 2900 655 2971 inveniendam
680 2898 716 2968 in
743 2894 823 2983 eius
845 2914 933 2967 arcu

70 2996 238 3071 locorum
258 2995 490 3070 latitudinem
507 3023 518 3068 z
543 2993 792 3092 Chronologis
808 2991 851 3062 ad
868 2991 934 3062 ini·

73 3097 166 3169 cium
193 3096 264 3171 diei
291 3116 355 3192 per
383 3106 453 3189 24.
478 3095 586 3168 horas
616 3091 823 3169 absolvendi
852 3111 935 3162 turn

78 3193 319 3269 'Astronomici
344 3197 438 3281 jtdm
472 3190 703 3279 Ecclefiassici
731 3191 935 3289 deprehen·

124 3287 672 3389 ss1nn101‘n.1>0msn.c1n.1x.f
734 3287 773 3361 G
848 3289 936 3362 den·
