2086 3682
102 136 194 266 2¹08¹
286 179 296 264 ᾗ
424 126 633 285 Capul-V.

89 329 272 404 -exteriori
295 329 474 404 additum,
531 332 571 404 ln
596 354 642 406 eo
669 327 796 419 eceilae
820 328 961 405 stabant

101 430 279 506 columnae
303 431 383 503 duae
405 428 476 504 bafi
503 453 546 504 ac
572 429 761 528 capitellis,
779 452 858 530 quae
883 454 959 504 ma·

60 598 64 612 ,
100 529 310 629 logranata,
333 527 406 603 lilia
431 529 468 603 δι
494 530 656 603 reticulae
682 530 881 617 ornabant,
907 529 960 603 in·

100 626 250 714 stmblae,
303 651 435 702 uarum
459 630 598 726 quaevis
621 626 839 715 octodecim,
859 646 960 704 utra·

125 753 173 829 ue
195 651 301 802 fimul
328 727 477 828 ttigihta
510 726 569 802 sex
594 730 740 802 cubitos
765 726 960 804 altitudine

100 753 162 904 pua
188 828 412 914 continebat,
430 824 652 925 stplinthom
681 826 743 902 seu
768 827 881 900 imam
895 826 976 901 ba·.

15 985 17 989 <
100 924 188 1001 lium
215 945 358 1027 partem
386 934 602 1026 computate
625 924 760 1014 liceat,
792 926 961 1001 medium

99 1028 273 1126 utrinque
298 1025 465 1102 cubitum
492 1040 723 1117 aequanteme
751 1025 958 1127 peripheria

16 1185 20 1195 .
99 1145 210 1213 vero,
238 1124 298 1201 seu
323 1122 419 1201 linea
443 1124 488 1225 &¹
499 1123 632 1216 filum,
656 1145 702 1214 uc
726 1146 864 1201 vocant
889 1130 957 1200 Ar·

100 1223 247 1301 chiteffi
291 1223 385 1317 (filo
422 1225 520 1299 enim
558 1224 765 1301 mensurate
801 1224 957 1300 solemus

99 1347 298 1424 corporum
334 1323 530 1400 solidorum
563 1327 786 1421 ambitum)
820 1325 956 1398 duode-⁴

98 1426 169 1499 cim
198 1425 407 1499 cubitorum
433 1444 523 1500 erat.
576 1426 649 1499 Uni
675 1427 805 1514 hatum
819 1447 957 1498 nomen
979 1448 980 1453 ¹

98 1519 236 1620 Jacbin
248 1573 261 1613 ,
294 1523 506 1624 quodtetli
532 1518 697 1599 normam
726 1523 785 1597 seu
812 1523 957 1595 rectitu-

14 1640 16 1645 ·
96 1624 272 1712 tudinem,
298 1623 403 1701 alteri
427 1622 549 1710 Bova,
576 1625 675 1720 quod
700 1619 956 1719 fot-titudinem

86 1723 136 1796 ,in
162 1722 287 1825 lingua
303 1725 485 1800 Hebraica
506 1720 851 1818 notat,·itnpofitnm
870 1717 953 1792 fuit.

95 1820 193 1901 Tota
218 1819 334 1899 moles
357 1822 551 1918 uniusque
562 1815 741 1892 columnae
752 1842 797 1894 ex
813 1841 881 1895 atre
897 1817 953 1893 fu·

95 1920 151 2016 sa,
184 1941 349 2020 auroque
369 1915 521 2004 vestita,
554 1915 577 1989 st
612 1916 833 2019 Vilalpando
864 1920 954 1997 fides

77 2022 291 2112 habeatur,
315 2018 443 2096 decem
469 2016 694 2094 talentorum
726 2019 839 2094 millia
862 2045 954 2120 pon·

35 2215 36 2218 Ἴ
95 2123 192 2215 εἰετο,Ι
221 2118 283 2192 ίὶιο
317 2115 546 2195 conficiebat.
618 2118 789 2194 Fenesttae
826 2120 955 2220 templi

3 2216 6 2220 ’
95 2215 336 2319 οδὶίφιεεχΐευ
361 2218 510 2295 latiores
534 2217 759 2306 intrinsecus,
783 2217 953 2296 extrinso·

95 2342 161 2395 cus
184 2317 436 2419 angustiores,
465 2337 510 2390 ut
541 2314 625 2415 plus¹
644 2313 792 2394 luminis
815 2321 954 2395 immit-

95 2436 228 2503 terent,
237 2441 331 2505 eam,
345 2417 408 2493 ubi
433 2411 619 2501 Sanblum,
644 2413 783 2518 aedificii
808 2440 952 2517 partem

94 2536 141 2592 ex
157 2533 324 2617 'utroque
347 2514 461 2592 latere
488 2514 729 2631 occupabant
777 2514 961 2594 Sanfilum'

93 2615 190 2692 enim
216 2613 431 2691 Sanllorum
457 2610 620 2690 fenestrts
644 2615 859 2704 carebat,ut
877 2617 952 2719 ipsa

93 2712 212 2815 caligo
243 2717 419 2810 majorem
450 2715 534 2790 ioco
561 2716 805 2790 reverentiam
828 2720 951 2793 conci·

90 2813 217 2901 liaret,
250 2819 515 2916 quamvisper
546 2812 675 2888 ostium
708 2812 772 2890 lux
805 2816 950 2892 modica

90 2933 327 3013 penetraretx
357 2916 515 3018 parietes
552 2912 680 3017 templi
703 2917 771 2989 tria
796 2938 860 3015 per
882 2931 951 3018 gy·

90 3021 174 3087 rum
198 3014 361 3090 tabulata
392 3012 603 3100 Meridiem,
637 3012 884 3115 Aquilonem,
909 3017 951 3096 δι

7 3115 12 3123 ’
49 3180 54 3186 .
93 3111 338 3189 Occidentem
356 3113 488 3189 ¹versus
524 3114 756 3202 ambiebant,
789 3136 948 3215 quorum

90 3209 256 3290 mimum
280 3214 454 3317 quinque,
467 3213 631 3294 medium
653 3210 728 3306 sex,
741 3209 948 3388 soprsemum

302 3342 346 3364 ··
391 3358 397 3375 ι
468 3360 472 3367 -
671 3379 677 3389 ,
751 3374 752 3379 a
822 3332 946 3415 eptem
