2086 3682
374 137 634 271 Astronomia.
830 166 940 253 ,411

87 303 189 381 idem
214 325 348 402 corpus
373 303 547 390 diverfis,
580 303 669 402 quin
698 303 812 379 immo
838 306 945 379 moti·

85 404 157 479 bus
182 403 293 478 etiarn
319 402 491 503 oppofitis
514 403 643 502 agitari
668 399 765 501 polle
791 402 942 477 demon·

74 492 212 579 ¹llrant.
262 498 387 575 Unum
404 499 565 577 emultis
592 521 635 575 ut
658 502 694 573 in
708 501 868 574 medium
895 502 942 576 af-

82 600 201 679 feram
212 648 227 690 ,
260 601 471 675 intueamur
497 601 685 675 hominem
702 620 835 673 -ortum
860 624 943 675 ver-

83 700 143 777 aas
166 701 204 774 in
230 701 378 800 navigio
404 698 666 787 ambulantem,
683 699 782 796 quod
802 698 942 777 interea

82 796 246 874 fluminis
271 796 377 872 alveo
403 799 595 896 abreptum
624 800 661 872 in
687 796 867 884 occasum,
880 799 942 877 vel

82 896 193 976 aliam
216 895 417 994 quamlibet
440 895 585 996 plagam
610 895 784 970 defertur.
862 899 942 974 Ho-¹

81 1018 147 1071 mo
170 993 235 1072 iste
258 996 401 1069 duobus
426 997 589 1070 motibus
614 993 675 1069 srbi
700 997 939 1085 invitemur

81 1096 201 1196 prima
225 1092 347 1169 fronte
377 1094 556 1201 adparet,
590 1095 778 1168 contrariis
804 1098 936 1193 agitur.

82 1193 200 1291 Quod
241 1191 265 1266 st
297 1193 343 1267 de
379 1192 717 1291 Copernicanorum
762 1198 938 1295 progenie

80 1290 280 1369 Euoelades
305 1290 433 1390 aliquis
456 1292 625 1378 accedat,
651 1289 842 1391 ipsumque
870 1293 937 1371 llu-

80 1414 171 1467 men
194 1390 280 1466 cuni
305 1411 385 1465 tota
411 1389 542 1475 tellure
565 1391 804 1491 circumagat,
820 1395 936 1469 tribus

79 1491 233 1567 omniuo
257 1492 419 1567 mutibus
443 1490 542 1573 idern
567 1491 681 1563 homo
700 1474 740 1563 in
763 1495 849 1566 navi
871 1495 933 1569 de·

80 1587 272 1667 ambulans
305 1589 425 1667 varias
468 1589 505 1662 in
534 1587 659 1688 plagas
695 1586 937 1680 distrahetur,

80 1690 171 1789 quin
193 1700 317 1763 tatum
343 1688 419 1762 vim
445 1685 556 1761 ullam
582 1687 755 1787 patiatur,
771 1710 837 1765 aut
855 1713 942 1767 mo·

79 1807 190 1863 tuum
212 1789 387 1863 continua
410 1785 513 1861 series
539 1787 782 1886 perturbetur.

152 1988 188 2061 Α
208 1981 280 2061 sole
310 1984 356 2058 ad
381 1980 507 2055 lunam
529 1980 739 2081 digredior:
772 1988 934 2061 occurrit

76 2084 175 2161 heic·
186 2083 363 2182 imprimis
375 2101 500 2155 motus
514 2079 594 2178 ejus
613 2083 819 2155 communis
837 2086 935 2157 dlur.

76 2204 163 2273 nus,
189 2180 261 2258 five
285 2202 426 2282 raptus,
444 2202 519 2278 quo
545 2177 637 2253 srdus
667 2181 738 2259 hoc
762 2203 848 2254 curn
865 2185 940 2281 pri·¹

74 2298 143 2359 mo
171 2278 299 2357 mobili
332 2282 377 2359 ab
409 2299 496 2354 ortu
526 2278 565 2353 in
596 2276 763 2354 occasum
793 2283 934 2376 maiore

77 2402 192 2483 quam
224 2400 280 2472 24
310 2380 484 2453 horarum
510 2375 623 2477 spatio
649 2378 843 2479 abripitur,
869 2401 934 2455 cu·

77 2479 212 2585 jas-rei
236 2477 467 2552 luculentum
492 2480 629 2576 praebet
659 2477 904 2565 testimonium
916 2526 932 2572 ,

77 2600 195 2679 quum
221 2574 365 2676 srnguiis
388 2572 554 2650 nodibus
580 2599 651 2649 una
673 2575 749 2653 fere
775 2579 865 2656 hora
881 2579 933 2655 se.

75 2680 153 2753 rius
191 2696 357 2776 emergat
393 2697 440 2819 erla
471 2674 686 2817 honrizonnt'e,
721 2678 935 2778 tardiusque

76 2820 251 2937 gradibus
287 2823 348 2918 13·
393 2843 454 2896 10.
490 2841 557 2916 35.
596 2834 663 2913 48.
687 2821 958 2899 Meridianum.

75 2924 247 3095 attinfat
326 2921 497 3019 Sequitur
523 2919 725 2996 menstruus
751 2924 939 3019 proprius-'

76 3042 149 3137 que
188 3042 270 3093 una
293 3036 444 3107 motus,
485 3040 664 3119 quotum
690 3020 740 3108 in,
766 3039 846 3092 tum
870 3042 931 3093 ex-

76 3138 134 3201 tra
163 3119 374 3198 Zodiacum
410 3120 455 3195 ab
478 3116 606 3196 occasu
644 3120 835 3195 intortum
877 3140 932 3193 re·

851 3238 1013 3326 gfff
