2086 3682
227 178 536 274 Arelittli'onim
564 180 771 277 Militaris.
881 215 967 306 293

107 368 203 445 opus
229 345 270 420 fit
288 369 333 421 ut
359 326 600 432 intumescat,
624 345 784 424 immiffis
806 355 967 430 exterius

107 468 285 545 aquarum
315 446 548 521 auxiliaribus
573 449 688 547 copiis
713 447 819 541 focile
843 453 879 524 id
901 453 967 529 ob·

106 546 217 620 tineri
239 543 370 644 potest.

126 800 128 805 ,
176 720 457 799 Fundamentum
481 724 569 800 XII.
621 725 808 804 Exteriore
828 745 873 801 ut
897 750 962 803 vo·

104 828 190 897 ctn't
212 846 326 921 opera
345 825 562 900 munimenti
598 849 673 925 quo
698 826 815 924 magis
837 827 882 901 ab
910 828 963 903 in·

103 923 298 997 terioribus
331 924 534 1011 recedunt,
565 948 610 998 eo
640 923 721 1023 plus
750 924 961 1003 decrescant

101 1041 269 1121 oportet,
293 1019 435 1120 fintque
458 1022 518 1097 illa
537 1025 594 1097 his
621 1024 783 1109 minora,
805 1023 962 1099 utlibet

101 1118 287 1195 iuliolies
312 1117 520 1220 prosperius
557 1141 683 1220 pateat
711 1117 883 1210 obleffis,
914 1147 960 1199 ac

100 1216 307 1319 scloporum
342 1220 382 1293 ὃς
417 1241 690 1297 tormentorum
727 1217 858 1296 iiiibus
896 1222 959 1299 vit

98 1341 170 1395 non
186 1315 406 1393 obstruatur.

449 1504 489 1623 p.
527 1501 603 1594 ur.

165 1674 183 1745 Ι·
211 1696 345 1793 Nova
371 1694 604 1792 Munitionis
628 1699 835 1795 methodus.
931 1658 946 1681 s

408 1940 412 1949 ·
514 1894 575 1971 Ll.

92 2000 292 2163 Duplex
307 2025 387 2097 haec
401 2023 470 2111 est,
497 2024 632 2098 lcilicet
650 2048 725 2098 una
744 2025 949 2113 delineandi

230 2126 503 2207 munimentum
523 2123 560 2196 in
594 2123 722 2194 charta
751 2121 949 2197 secundum

84 2214 183 2295 'ortis
206 2222 316 2321 hujus
341 2221 500 2322 regulas,
526 2222 589 2321 qui
608 2219 711 2296 labor
737 2218 787 2294 eli
807 2220 947 2319 primus

89 2318 357 2397 docentium&
379 2322 614 2408 dilectet-ium,
640 2338 753 2418 atque
772 2323 819 2395 ad
839 2321 947 2395 theo·

57 2430 60 2435 '
88 2422 182 2496 riam
202 2423 387 2521 pertinet:
412 2421 526 2496 altera
545 2419 750 2520 defigntndi
772 2417 944 2495 struendi·

113 2542 163 2595 ue
179 2517 294 2621 ipsum
313 2521 582 2595 munimentum
597 2522 634 2592 in
652 2541 795 2619 campo,
821 2519 945 2619 estque

88 2542 236 2693 illorum
262 2616 383 2704 labor,
408 2630 500 2718 quos
526 2617 680 2716 publicae
702 2617 874 2692 utilitatis
901 2642 945 2692 ac

89 2714 292 2792 securitatis
314 2716 469 2791 studium
489 2716 677 2816 polemicis
699 2717 798 2790 hisce
825 2717 949 2814 operi·

92 2814 158 2891 bus
179 2818 333 2918 propius
356 2815 558 2901 admovet,
593 2815 631 2890 ἃ
657 2816 702 2888 ad
731 2815 860 2913 praxiu
883 2836 944 2887 ro·

86 2912 235 2991 fertur..
270 2916 389 2990 Prima
405 2915 601 2988 methodus
621 2914 803 3013 praecedat
822 2909 945 2993 netel-

87 3012 122 3089 se
143 3014 218 3107 eli3
246 3038 331 3090 nam
358 3032 479 3087 totum
505 3013 542 3085 in
570 3013 696 3086 charta
711 3009 834 3086 elucet
858 3010 942 3085 arti·

87 3112 212 3189 ficium
226 3164 237 3203 ,
270 3115 464 3212 omnisque
490 3108 656 3185 mensura
681 3109 941 3209 &proportio

88 3212 184 3293 iutra
224 3213 358 3289 limites
391 3230 616 3383 pappraceos
654 3204 942 3380 commodiliipre

512 3330 538 3386 2
903 3327 942 3384 0·
993 3366 996 3372 -
