2086 3682
128 141 226 237 342,
459 111 588 233 Caput
621 112 723 207 VII.

128 284 180 461 qli
212 276 482 366 Astronomici,
520 281 621 378 quod
655 280 767 355 hodie
798 278 920 356 adhuc
949 279 990 353 in

165 377 289 478 emplo
314 377 477 477 principe
502 377 640 466 vidtur,
660 399 791 478 typum
817 378 990 479 primain-

131 503 206 583 que
231 475 387 552 formam
411 474 532 551 multo
560 480 807 580 excogitatam
840 477 991 594 ingenio¹

129 572 345 685 proposuit,
377 574 563 677 ipsamque
606 574 741 653 struere
780 576 990 651 machmam

131 704 179 796 ag
223 672 317 750 ellus
338 672 403 760 est,
431 676 469 749 in
494 698 538 749 ea
562 672 783 792 perficienda
807 674 891 750 usus
916 676 992 751 Da·

65 784 69 791 ‘
131 802 173 855 vr
200 778 228 850 is
271 769 588 849 Wolekensteinri
627 773 826 875 Augustani
867 797 991 850 oera.

133 872 380 976 Resplendent
413 872 452 946 in
476 870 537 948 illa
567 895 695 948 omnes
719 893 845 948 motus
867 798 993 971 plane·

134 996 283 1059 tarum,
317 971 484 1046 omniurn
517 991 728 1073 temporum
754 970 849 1072 dgna
874 973 913 1047 δε
936 973 993 1047 vi·

134 1068 368 1165 cillitudines‚
386 1092 592 1169 omnesque
616 1070 856 1147 Astronomiae
880 1088 992 1169 atque

134 1170 358 1248 mechanieae
384 1170 471 1245 artis
495 1170 661 1259 divitie,
703 1171 796 1246 miro
838 1168 992 1245 artificio

135 1267 375 1373 speuantium
416 1267 533 1346 oculis
567 1268 745 1370 expofitae.
820 1270 866 1343 Et
925 1292 996 1349 uo.-

134 1371 237 1447 niam
271 1368 318 1441 de
345 1366 547 1469 horologiis
578 1371 719 1446 rnentio
759 1366 828 1443 sese
860 1391 884 1444 o
912 1384 994 1455 ert,

136 1491 256 1570 quum
293 1487 353 1540 res
389 1466 469 1541 haee
510 1468 711 1543 maximum
755 1465 995 1543 Astrononriae

137 1564 380 1646 commodum
406 1563 561 1654 afferat,
593 1569 639 1642 ab
674 1566 828 1665 ejusque
861 1565 996 1666 princi·

136 1666 209 1769 piis
233 1664 412 1762 pendeat,
436 1687 553 1765 pauca
578 1665 743 1766 quedam
770 1664 816 1738 de
842 1666 916 1740 hoc
939 1685 996 1741 or·

70 1858 72 1866 L
100 1843 103 1847 ,
139 1786 323 1869 ganorurn
351 1785 495 1864 genere,
508 1764 662 1864 ejusque
686 1764 826 1865 origine
850 1786 895 1838 ac
915 1784 996 1865 pro·

140 1859 261 1967 grellu
300 1882 590 1940 commemorare
629 1862 746 1957 iuvat.
820 1868 995 1939 Automa-

142 1984 224 2038 rum
256 1956 540 2061 antiquillirnum
581 1985 648 2064 pro
687 1962 787 2037 horis
820 1960 997 2063 fignandis

140 2064 337 2139 inventum
373 2059 424 2136 ell
448 2062 618 2137 machina
643 2059 853 2161 hydraulica
882 2057 998 2137 eten-

68 2211 71 2215 ·
141 2162 194 2236 bii
218 2157 479 2248 Alexandrini,
512 2164 577 2259 qui
608 2183 753 2235 coaevus
785 2156 997 2232 Archimedi

140 2258 250 2336 fuit:
285 2260 331 2332 de
356 2258 427 2331 hac
452 2260 648 2336 Vitruvius
678 2260 739 2351 (i)
773 2259 823 2331 ita
848 2255 966 2331 scribit
986 2264 997 2326 ι’

143 2357 355 2449 „Primum
380 2356 568 2433 constituit
593 2379 726 2431 cavum
746 2378 791 2431 ex
812 2379 901 2430 auro
916 2378 997 2456 per·

142 2502 171 2549 ,‚
189 2452 328 2529 felium
357 2475 423 2530 aur
460 2480 506 2532 ex
528 2476 675 2557 gemma
708 2454 918 2544 terebrata3
954 2480 997 2530 ea

70 2637 73 2641 V
143 2553 284 2645 ‚3enim
304 2576 373 2628 nec
393 2573 563 2643 teruntur
582 2549 748 2653 perculsu
777 2576 902 2653 aquae,
929 2576 999 2640 nee

144 2651 309 2744 „sordes
328 2652 401 2727 reci
429 2653 522 2738 iuot,
536 2664 590 2725 ut¹
604 2656 833 2727 obturentur.
884 2654 998 2728 Nam·

144 2774 260 2850 „que
292 2674 479 2846 aequalter
504 2773 571 2851 per
605 2751 642 2826 id
675 2774 807 2826 cavum
844 2748 999 2828 influens

78 2916 84 2939 ,
146 2895 173 2941 ,‚
189 2874 285 2950 aqua
314 2842 478 2924 sublevat
516 2846 688 2951 scaphurn
726 2848 909 2925 inversum
939 2850 1000 2927 seu

55 2984 58 2991 ,
146 2994 173 3040 „
188 2966 433 3045 tympanum,
465 2949 503 3023 in
532 2972 607 3048 quo
637 2946 817 3024 collocata
848 2950 999 3051 regula,

81 3136 86 3148 ι,
148 3040 369 3138 „versatilia
391 3064 567 3157 tympana
590 3046 784 3127 denticulis
803 3049 1000 3151 aequalibus

252 3239 309 3322 <u
331 3234 444 3323 bur·
463 3212 582 3324 'coo
824 3260 830 3268 ·
874 3146 1001 3237 ”sunt
