2086 3682
240 140 549 235 Architrffom'm
567 140 708 234 divisas.
838 171 922 262 247

67 309 129 394 do,
157 306 350 409 longitudo
376 308 525 408 triginta
548 329 698 395 novem,
721 307 783 382 vei
798 309 836 384 in
849 334 923 386 ma·

64 407 201 503 joribus
226 408 466 508 quadraginta
487 403 570 481 οᾶο
594 407 797 482 convenit:
831 431 922 485 con-

58 506 182 582 clavia
207 509 380 607 quadrata
405 506 604 580 admodum
620 504 815 580 commoda
828 506 921 599 fiant,

63 606 85 680 fi
111 604 219 681 lateri
243 602 446 682 odiodecim
467 652 481 693 ,
522 605 654 704 viginti
693 626 760 680 aut
787 608 923 707 viginti

61 724 222 804 quatuor
261 707 372 804 pedes
414 705 633 779 tribuantur.
705 703 922 804 Supremam

61 803 377 904 contignationem
413 800 536 904 paullo
574 798 829 902 depressiorem
859 827 922 880 oc·

59 924 199 1002 cupant
228 899 420 988 vestiaria,
446 901 688 989 dormitoria,
715 900 755 978 δι
779 901 921 979 concia-

60 1004 122 1078 via
146 1002 299 1095 junioris
323 998 485 1086 familia,
515 999 553 1075 &
575 997 811 1089 ancillarum,
844 1001 922 1079 aliis

60 1102 106 1175 ad
147 1124 274 1175 auram
325 1101 511 1199 puriorem
551 1098 748 1198 praesertim
790 1098 920 1182 aestatis

60 1217 245 1374 ῑςωρῖἰτᾶ
254 1199 486 1300 capiendam,
512 1218 577 1272 aut
599 1191 807 1299 prospectus
836 1224 920 1301 gra.

61 1319 111 1377 tta
132 1321 173 1375 re
236 1321 277 1375 rs.
459 1323 462 1327 ·

132 1498 197 1573 Uti
225 1494 371 1570 luminis
396 1518 463 1613 per
485 1496 581 1572 aedes
598 1483 812 1599 dispensatio
826 1498 921 1573 sum·

58 1618 120 1671 me
145 1593 336 1673 necessaria
347 1642 360 1682 ,
394 1615 448 1670 tta
487 1593 722 1672 fenestrarum
747 1595 845 1673 reda
869 1599 920 1674 di.-

58 1695 201 1796 sposrtio
225 1696 423 1796 praecipuas
447 1694 544 1769 inter
575 1691 777 1772 Architeffl
813 1719 919 1774 curae

58 1794 225 1871 habenda
264 1791 349 1869 esta
386 1813 498 1869 vetus
529 1816 573 1868 ac
603 1818 692 1872 vera
721 1798 918 1897 praeceptio

57 1896 170 1970 etiam
192 1894 302 1968 hodie
327 1892 452 1967 locum
477 1893 609 1982 habet,
636 1896 838 1969 curandum
867 1893 921 1969 es·

58 1991 111 2081 se,
145 2012 192 2067 ut
215 1992 336 2067 medio
361 1993 399 2065 in
424 1990 592 2064 conclavi
617 1990 835 2067 constitutus
866 1991 920 2067 sat

58 2090 230 2189 magnum
254 2087 341 2164 coeli
349 2104 513 2261 flpartem
538 2109 604 2184 per
628 2086 798 2162 fenestras
823 2094 919 2167 tueri

56 2186 166 2292 poffit
182 2215 202 2278 3.
232 2189 285 2264 ita
311 2187 347 2262 su
389 2187 489 2261 ciens
520 2180 660 2260 adfluet
682 2184 831 2260 luminis
856 2210 919 2262 co·

55 2294 126 2394 pia.
185 2282 317 2386 'Quare
332 2309 454 2386 =quam
479 2285 644 2385 proxime
667 2283 782 2374 iicet,
819 2284 920 2387 supe·

17 2388 20 2393 ’
55 2392 141 2466 riori
167 2385 333 2463 tabulato
358 2381 522 2462 fenestrae
546 2385 839 2473 admoveantur,
866 2387 918 2461 ita

55 2512 202 2574 tamen,
229 2507 274 2559 ut
299 2488 342 2559 ab
366 2483 536 2559 inferiore
562 2486 677 2560 tribus
712 2483 789 2563 fere
814 2487 915 2585 pedi·

56 2592 123 2664 bus
156 2583 298 2661 distent.
373 2585 441 2659 Hae
463 2585 655 2753 praecipue
685 2586 723 2661 in
748 2584 848 2661 scalis
877 2585 918 2663 de

36 2691 124 2764 'viia
163 2682 430 2786 angustioribus
477 2701 546 2757 unt
592 2683 831 2769 neceffuiae,
867 2709 915 2761 ne
1006 2770 1014 2787 ἱ

61 2784 283 2862 transeuntes
314 2783 400 2855 hinc
430 2779 516 2855 inde
539 2779 741 2858 offendant.
815 2782 913 2858 Lati·

59 2889 147 2963 tudo
171 2883 315 2960 iiia-rum
339 2879 490 2955 minima
525 2877 577 2955 est
611 2882 725 2957 trium
749 2881 885 2982 pedum
903 2926 924 2969 ‚.

58 2977 345 3062 commodiffima
368 3000 488 3066 vero,
522 2976 545 3051 fi
572 2978 764 3076 januarum
790 2979 914 3055 latitu-

56 3087 131 3162 dini
152 3082 421 3183 respondeant,
463 3076 617 3153 &binis
648 3080 916 3180 spatiumpre·

57 3187 195 3273 beant,
232 3200 274 3256 ut
290 3209 294 3216 ·
308 3177 409 3254 snm
430 3175 641 3372 (ipplateas
673 3197 738 3252 aut
763 3180 916 3256 hortum
962 3212 966 3219 ·

494 3297 511 3373 3
546 3320 558 3329 ι
677 3326 680 3331 «
788 3332 795 3339 .
832 3301 912 3377 pro.
