2086 3682
311 266 314 271 Ι
338 157 515 275 corporis,
537 154 701 246 lumeni.
912 190 967 287 ῃ
990 212 993 217 ·

109 320 269 420 primum
294 308 529 419 experientia,
548 343 660 418 quam
677 317 861 395 Willifius
890 325 973 423 (c)

107 418 246 506 refert,
270 419 307 501 in
334 443 423 494 cane
447 416 560 504 iana,
585 419 648 516 qui
673 418 858 515 perforato
881 420 970 499 licet

108 519 208 591 auris
232 520 425 616 utriusque
451 536 627 617 tympano
654 541 718 615 per
743 536 817 592 tres
841 538 968 597 tamen

108 617 230 691 adbuc
258 616 397 692 menses
429 615 585 692 sonitum
618 638 808 715 vocesque
842 641 965 717 perce-
996 602 1008 643 ³

106 712 195 814 pisse
219 713 575 815 deprehensusell,
604 715 703 812 quod
736 739 758 789 e
792 714 966 815 signis-de

106 798 309 888 allionibus
331 815 570 889 exterioribus
584 812 747 889 interiori
762 812 964 915 perceptio,

105 913 143 986 ni
172 913 471 1010 respondentibus
502 909 674 1011 colligere
707 912 839 1007 licuit:
869 914 963 1013 'alre-¹

104 1033 189 1085 rum
215 1013 322 1099 ratio.
395 1012 454 1085 Ad
477 1014 567 1110 quid
592 1014 696 1085 enim
714 1011 795 1110 post
819 1034 962 1113 tympar.

97 1134 195 1183 ¹num
220 1131 345 1185 tantus
371 1111 579 1211 ambagum,
606 1109 961 1213 foraminum2spira÷

102 1232 186 1283 rum
221 1232 265 1283 ac
294 1233 493 1285 nervorum
532 1209 727 1308 adparatus
771 1212 959 1293 auditione

103 1306 181 1398 iam.
199 1307 386 1407 perfedlai
418 1311 543 1407 itaque
595 1304 791 1385 referenda
808 1312 959 1385 videtur

103 1428 161 1495 ea,
180 1430 262 1505 quae
277 1410 399 1503 ,hodie
423 1408 461 1481 in
485 1332 615 1481 scholis
640 1408 745 1507 viget
759 1406 959 1499 sententia,¹

99 1508 350 1581 membranam
373 1505 540 1593 ultimam
564 1502 723 1581 cochleae
750 1506 795 1581 ab
821 1502 958 1607 expan}
1026 1538 1030 1547 ·

98 1602 136 1680 so
171 1627 285 1680 nervo
327 1604 484 1696 aculiico
501 1662 507 1671 .
522 1605 725 1681 derivatam
767 1610 960 1707 proprium

98 1700 170 1777 etse
194 1706 302 1800 hujus
329 1704 446 1781 stnsus
476 1726 667 1805 organum.
744 1702 830 1797 Pars
855 1706 955 1804 eninr¹

97 1802 177 1875 bac
210 1826 256 1876 ex
280 1798 478 1881 medullata
509 1800 648 1879 cerebri
675 1800 867 1877 substantia
892 1806 954 1881 de·

96 1898 260 1982 stendit,
291 1900 519 1998 nasciturque
552 1924 599 1974 ex
630 1925 744 1977 nervo
766 1900 952 1991 acustico,
1016 1952 1018 1957 -

95 2022 161 2097 per
187 2010 301 2094 quem¹
324 1996 465 2096 spiritus
490 1998 668 2069 auditioni
683 1996 878 2093 servientes
891 2003 953 2073 ad·

62 2153 65 2159 -
93 2098 308 2191 rabuntur„
371 2096 412 2169 ln
438 2095 508 2175 hac
531 2103 705 2191 tanquam
730 2096 886 2173 termino
913 2096 952 2171 st·

94 2192 197 2269 ilitur
222 2195 328 2269 lonus
350 2221 365 2267 a
389 2193 563 2285 auricula
595 2196 692 2265 enim
724 2194 824 2267 hunc
849 2194 952 2269 colli·

84 2294 178 2393 -git5
216 2296 379 2393 tympani
403 2292 615 2369 membrana
645 2293 759 2392 magis
789 2292 851 2369 v'el
881 2296 952 2373 mi.⁸

93 2414 163 2467 nus
189 2390 423 2468 ollieulorum
444 2416 521 2493 ope
553 2390 651 2465 tensa
677 2390 847 2466 vocalem
871 2394 951 2467 red·

91 2490 147 2565 dit
161 2498 181 2576 ς’
211 2489 453 2590 labyrinthus,
472 2488 661 2591 refringit,
693 2487 867 2580 reflellit,
903 2516 949 2569 ac

91 2607 301 2689 temperat;
343 2588 573 2684 membrana
596 2588 753 2687 denique
791 2590 950 2669 cochlea

78 2689 151 2763 vnel
177 2686 311 2772 tellina
336 2692 456 2766 anima
480 2688 607 2777 sonum
634 2688 755 2763 inilia
781 2691 948 2789 percipit.

66 2784 174 2863 ·l·.lac
197 2790 313 2887 igitur.
328 2789 473 2885 ratione
508 2807 588 2861 tota
621 2786 815 2865 auditionis
836 2804 948 2887 gene·

87 2884 130 2960 sts
156 2889 316 2985 partium
344 2889 507 2961 omnium
535 2881 780 2960 funClionibus
800 2908 948 2971 accom-

86 2987 238 3065 modata
262 2983 458 3085 plenissime
488 2984 596 3085 limul
614 2980 950 3083 expeditiffimeque

87 3083 298 3161 absolvitur.
860 3106 862 3111 ·
917 3180 943 3257 b

162 3280 229 3360 (gc)
260 3276 308 3343 De
325 3280 416 3345 onim.
433 3242 516 3343 bret,
539 3268 612 3361 Cap.
624 3262 659 3361 4.“
673 3250 691 3286 '⁵
735 3274 755 3293 ”
773 3280 780 3289 ’
