2086 3682
139 73 229 225 3381
434 103 592 225 Caput
632 104 739 200 VII

140 271 218 345 cius
241 265 554 369 praestantissimus.
618 270 906 375 Uraooscopium
927 294 994 346 va·

137 375 199 446 riis
233 373 270 444 bt
299 366 572 468 exquisitissimis
600 372 745 471 organis
778 366 991 445 instrucium

138 471 325 569 superbit,
359 471 543 567 precipue
575 469 803 570 telescopiis‚
831 491 991 567 quorum

137 568 311 643 nonnulla
343 570 388 641 ad
429 577 498 643 60.
527 570 638 668 pedes
662 570 701 643 ἃ
728 567 883 671 amplius
907 590 991 667 pro·

137 670 334 741 ducuntur.
410 669 450 740 ln
481 666 624 768 angulis
640 715 653 754 ,
681 688 759 742 tam
806 665 992 743 Orientali

136 772 247 866 quam
273 764 513 841 ‘Occidentali
546 787 664 840 turres
694 763 884 866 obiogonae
918 764 991 840 sur·

136 887 249 967 gunt,
273 865 457 963 inquibus
490 867 564 940 duo
580 864 720 965 sempei
744 864 869 962 presto
889 866 990 946 (unt,

136 966 200 1064 q‘ui
223 962 282 1038 sua
301 964 421 1061 quivis
448 963 485 1038 iu
515 966 606 1039 turri
628 965 786 1039 uranicis
805 963 989 1039 laboribus

29 1110 31 1115 -
134 1084 302 1147 vacant,
348 1059 526 1137 nocturno
569 1061 763 1162 praesertim
808 1084 988 1161 tempore,

20 1176 31 1188 '
133 1163 276 1239 Primus
298 1162 361 1259 qui
381 1184 463 1234 eam
491 1162 655 1237 habitare
683 1165 818 1261 coepit,
845 1159 916 1237 fuit
942 1161 1013 1237 de>

133 1285 208 1360 quo
234 1260 322 1333 alias
348 1260 522 1347 memini,
548 1258 733 1338 Caffinus.'

210 1404 461 1507 Nutimbergae
480 1430 576 1482 anno
598 1416 703 1499 1678.
733 1410 887 1483 Senatus
906 1406 992 1482 Rei·

159 1505 284 1581 ublicae
309 1505 453 1579 Noricae
478 1504 767 1594 Astronomiam,
792 1528 883 1606 quae
898 1504 1014 1581 duo·-

131 1528 200 1678 ἕως
227 1604 264 1679 &
286 1604 441 1703 amplius
470 1602 596 1680 secutis
615 1606 748 1679 ibidem
769 1602 912 1691 floruit,
941 1606 990 1679 ci·

132 1706 251 1778 vitate
278 1698 436 1777 donavit
453 1700 754 1803 exstructonovo
771 1701 989 1791 domicilio,

132 1800 222 1873 dum
253 1801 291 1874 iu
318 1798 430 1875 adiito
468 1803 541 1875 arci
571 1801 876 1904 propugnaculo,
917 1808 990 1901 qim

129 1898 433 1999 Septentrionem¹
452 1899 616 2001 respicit,
642 1926 764 1977 aream
784 1924 848 2001 per
874 1896 1007 1976 ulamr

128 2020 201 2097 que
231 1996 426 2087 condidit,
465 2002 612 2103 egregia
643 1924 884 2102 suppelietide
913 2022 988 2081 ma·

62 2152 64 2161 ι
118 2096 538 2186 thematica‘divitem,
573 2100 612 2174 dt
639 2100 839 2175 coelestium
863 2120 987 2174 rerum

129 2194 432 2295 contemplationi
458 2195 685 2299 aptissimam.

202 2341 375 2442 Lugduni
399 2345 622 2419 Batavorum
655 2365 751 2416 anno
793 2352 916 2433 1690.
948 2341 987 2417 iu

117 2436 273 2518 ¹summo
295 2440 452 2543 Collegii
477 2439 617 2543 fastigio
638 2439 890 2517 Astronomica
913 2440 984 2541 spe·

129 2537 213 2617 cula
230 2563 379 2625 eorum,
436 2542 561 2613 ‘otum
592 2562 687 2615 curae
712 2538 905 2616 commiss'a
920 2536 985 2615 -est

129 2638 364 2729 Academia,
435 2637 521 2711 udio
560 2661 604 2717 uc
632 2642 776 2739 magnis
809 2638 984 2721 sumtibus

20 2755 24 2761 ·
130 2732 252 2812 ereda
278 2732 360 2807 fuit.
420 2732 552 2810 Turris
574 2735 712 2812 tedium
740 2757 830 2815 rotae
859 2739 985 2813 deuta-

129 2854 209 2921 tae,
234 2830 483 2931 cylindrisque.
503 2838 601 2912 circa
629 2860 734 2912 axem
758 2835 985 2914 versatilibus

95 3000 97 3006 ,
129 2933 321 3019 incumbit,
340 2949 385 3007 ut
401 2946 577 3033 tympano
591 2937 629 3009 in
645 2961 777 3038 gyrum
802 2958 877 3012 una
898 2957 985 3013 cum

129 3021 332 3133 ulestopiis
354 3033 520 3131 torqueri
547 3030 663 3133 poffie

897 3198 983 3279 Non
1020 3172 1024 3181 ¹
