2084 3698
107 232 197 327 414
312 257 315 261 ·
437 200 564 322 Caput
604 199 705 295 VH.

104 390 262 445 nomena
293 364 366 465 p'rae
389 363 537 467 reliquis
573 368 815 443 admiratione
851 364 955 441 scitu·

131 492 179 544 ue
209 461 410 567 digniffima
441 490 540 540 nune
565 466 779 567 explicanda
806 464 875 540 sese
899 464 958 541 of·

101 494 236 644 petunt.
288 564 434 637 Initium
459 590 483 655 a
506 562 577 640 sole
600 568 721 641 ducor
747 567 899 641 vixnon
917 566 958 641 in

100 666 202 742 votis
235 662 287 739 est
318 664 477 738 immane
510 662 600 737 iliud
630 685 764 739 votum
790 664 955 754 Eudoxi,

101 764 300 866 praestantia
325 759 546 848 Astronomi,
563 765 610 837 de
633 787 709 861 quo
736 762 956 839 Plutarchus

99 866 176 962 (y)
201 861 365 947 testatur,
378 860 516 961 optaiie
534 859 641 939 ¹ilium
668 863 882 938 Phaetontis
898 862 955 937 in·

99 963 171 1039 star
197 961 387 1048 comburi,
411 962 524 1036 modo
549 959 608 1035 fibi
633 960 763 1037 liceret
786 960 954 1036 cominus

100 1064 149 1138 ad
182 1059 292 1135 solem
325 1057 477 1135 adstanti
512 1057 694 1159 figuram,
732 1059 954 1161 magnitudia

94 1184 212 1248 nem,
246 1162 417 1235 decorem
445 1181 492 1245 ue
516 1161 610 1233 tanti
635 1157 755 1233 sideris
780 1155 953 1255 tantisper

98 1257 351 1358 contemplari.
419 1184 481 1331 {st
510 1258 608 1331 enim
639 1260 762 1333 anima
795 1258 951 1344 mundi,

99 1359 231 1435 oculus'
268 1357 385 1443 coeii,
421 1357 597 1432 astrorum
629 1359 825 1458 princeps,
857 1357 954 1432 lucis·

95 1457 178 1532 fons
207 1454 449 1531 inexhaustus.
501 1462 685 1531 Naturam
709 1457 872 1556 corporis
898 1454 952 1531 so·

94 1556 180 1632 laris
207 1557 349 1657 igneam
381 1552 451 1629 effe
483 1573 564 1628 turn
589 1555 795 1656 antiquiora
826 1554 950 1643 licere

94 1656 149 1730 srae
181 1655 328 1730 lumina·
355 1651 633 1751 Chrysostomus
647 1701 660 1741 ,
700 1651 951 1754 Augustinus,

92 1753 241 1839 Blofius,
259 1755 329 1826 &ca
355 1771 436 1824 turn
464 1755 531 1824 aevi
555 1752 767 1825 recentioris
790 1748 950 1826 Clariffi·

92 1857 144 1927 mi
176 1852 258 1923 Viri
284 1849 524 1936 Scheinerus,
560 1852 782 1936 Kirchetus,
815 1847 954 1946 aliique-

92 1945 217 2051 paffim
247 1947 482 2022 Astronomiae
509 1947 669 2023 cultores
695 1950 948 2036 contendunt;

90 2073 166 2125 non
190 2048 360 2148 equidem
386 2048 486 2145 quod
512 2049 590 2140 ejus
615 2045 741 2122 focum
765 2050 850 2148 igne
867 2045 949 2147 spis·

91 2148 144 2236 so,
168 2145 385 2232 foeculento,
414 2147 452 2220 δι
473 2167 534 2218 tot
558 2148 814 2245 heterogeneis
838 2148 949 2246 parti·

89 2248 159 2323 bus
177 2246 394 2331 adulterato,
408 2244 551 2342 qualem
574 2248 782 2343 experimur
800 2247 945 2344 ignem,

118 2370 167 2420 uo
192 2369 260 2420 nos
283 2347 448 2427 utimur,
473 2342 532 2415 sed
558 2341 667 2441 longe
690 2347 857 2443 puriore,
880 2346 942 2419 de·

88 2371 314 2527 iloecatiore,
347 2441 536 2539 magisque
562 2440 719 2528 fincero,
751 2466 798 2517 ex
823 2444 942 2541 primi·

88 2544 197 2643 genia
221 2539 369 2613 luminis
393 2539 508 2638 prima
534 2539 593 2614 die
625 2542 763 2615 conditi
789 2544 943 2631 materie

87 2664 172 2719 eom
199 2638 311 2725 outo,
338 2639 487 2713 animari
510 2641 670 2714 credant.
722 2641 773 2714 Et·
791 2642 942 2739 quidni?

90 2664 295 2837 conigirant
333 2739 371 2810 in
403 2738 498 2811 hanc
528 2736 741 2813 sententiam
777 2741 815 2813 δι
845 2741 942 2816 ratio

60 2832 128 2914 ·&‘
153 2835 382 2912 observatio:
422 2838 500 2910 haec
525 2838 697 2936 quidem,
722 2840 805 2935 quia
828 2836 942 2915 ioiare

87 2960 221 3036 corpus
258 2936 486 3035 helioscopiis
524 2936 679 3035 optimis¹
710 2936 941 3036 exploratum

85 3038 183 3114 inei
212 3035 400 3130 cujusdam
433 3035 541 3107 maris
571 3035 767 3132 imaginem
799 3034 939 3125 refert,

87 3061 344 3223 ssuilientibus
378 3130 607 3209 flammarum
631 3131 803 3209 tumtur
825 3134 962 3238 agita?

853 3306 856 3313 .
880 3257 911 3313 tl
923 3281 939 3327 2

169 3328 244 3416 (y)
272 3296 384 3421 Lm!
