2086 3682
343 168 608 285 'Astronomia.
837 193 923 283 403

141 333 348 409 Mercurius
375 336 451 434 pari
476 353 521 407 ut
536 337 664 409 Venus
677 333 922 434 rationopro·

65 433 222 533 prioque
245 452 351 506 motu
377 435 472 508 circa
496 433 607 509 solem
632 432 767 521 fertur,
799 456 920 532 eoque

64 531 257 631 inaequasi3
286 530 345 605 sed
368 533 441 619 ita,
460 554 504 606 ut
528 558 602 607 non
624 531 779 632 amplius
806 554 918 631 quam

64 633 197 732 viginti
229 630 364 729 septem
399 630 474 705 sere
505 634 676 730 gradibus
706 657 727 705 a
761 628 833 705 sole
862 652 919 705 re·

65 732 198 815 cedar,
233 728 303 825 stre
336 751 545 806 antevertat
569 731 672 806 illum
700 728 772 804 five
794 727 918 829 sequa·

64 849 135 903 tur.
189 828 289 902 Hinc
311 851 384 904 non
409 827 513 903 facile
537 830 588 904 sui
604 826 835 928 conspedium
852 850 917 901 no-

63 928 116 1001 bis
146 926 326 1028 indulget.
401 928 594 1003 Periodum
633 928 732 1002 suam
764 924 925 1003 absolvit·-

63 1024 179 1100 serme
224 1028 307 1099 anni
344 1030 577 1125 quadrante,
615 1027 743 1102 diebus
779 1026 916 1103 scilicet

62 1122 251 1229 osioginta
276 1123 425 1224 septem.

132 1322 277 1397 Lunam
302 1321 530 1423 planetarum
554 1321 722 1400 infimum
747 1322 916 1423 proxime

60 1439 195 1495 tetram
246 1423 439 1497 circumire
483 1424 711 1499 manifestum
753 1425 914 1499 reddunt

58 1517 231 1619 eclipses,
265 1544 355 1620 quas
385 1521 584 1621 superiores
617 1516 771 1623 pla'netae
803 1525 914 1597 inter·

58 1616 154 1713 icero
175 1616 271 1695 illius
296 1643 449 1721 corpore
473 1624 689 1721 patiuntur,
720 1623 811 1696 item
835 1621 914 1696 bre·

45 1714 218 1807 .viffima,'
238 1721 422 1820 certisque
444 1721 665 1817 deprehensa
687 1722 829 1795 indiciis
848 1744 914 1821 pe-

57 1818 210 1903 rudus,
245 1842 355 1915 quam
384 1819 445 1894 sub
473 1820 637 1896 Zodiaeo
670 1820 912 1920 ejusdemque

56 1938 128 1991 axe
150 1936 198 1991 'ac
248 1917 313 1992 osis
340 1916 537 1991 secundum
570 1919 751 2018 signorum
783 1917 912 1995 seriem

55 2017 102 2090 ab
124 1940 257 2089 occasu
292 2017 328 2089 in
353 2035 478 2089 ortum
503 2015 751 2114 prosequitur,
783 2040 912 2116 quam·

54 2116 113 2191 vis
136 2135 361 2215 magnopere
383 2112 610 2213 inequalem.
662 2116 790 2188 Motus
809 2113 910 2188 istius

54 2212 239 2311 calculum
273 2216 332 2290 vel
365 2240 386 2289 a
415 2215 528 2315 princi
558 2215 592 2288 io
629 2213 751 2288 arietis
781 2216 911 2288 ineunt

53 2310 338 2400 Astronomi,ita
362 2335 406 2387 ut
430 2240 613 2389 menssrua
637 2312 809 2413 periodus
823 2336 909 2388 con·

55 2408 157 2501 ficiat
177 2411 256 2485 dies
278 2413 408 2512 viginti
431 2412 565 2512 septem
593 2436 678 2487 cum
694 2410 829 2512 septem
844 2414 911 2487 ho·

53 2511 131 2599 ris3
169 2534 291 2584 annua
313 2534 404 2585 vero
428 2512 523 2585 ultra
545 2513 738 2587 duodecim
774 2511 910 2587 revolu-

55 2611 169 2683 tiones
194 2607 458 2707 compleantur
483 2610 579 2711 figor
604 2608 739 2710 septem
767 2612 805 2685 δι
831 2635 908 2711 gra·

53 2708 121 2783 dus
172 2728 353 2791 novem;
410 2710 540 2783 diurna
603 2729 677 2783 tres
726 2710 909 2802 ejusmodi

52 2808 216 2907 gradus-t
252 2805 312 2881 vel
338 2804 527 2883 deducunt
557 2833 578 2882 a
603 2828 797 2907 tempore,
832 2830 909 2905 quo

50 2904 251 3007 plurimum
279 2927 492 2981 removetur
518 2933 539 2982 a
566 2904 658 2994 sole,
685 2933 727 2982 ac
753 2908 909 3006 perigaea

51 3004 131 3097 est3
173 3024 288 3104 atque
335 3004 386 3078 ita
425 3008 595 3105 periodus
627 3005 806 3081 menstrua
839 3006 910 3080 erit

50 3105 192 3181 dierum
220 3105 352 3205 viginti
376 3128 510 3180 novem
529 3130 614 3181 cum
634 3106 827 3179 duodecim
841 3105 908 3179 ho·

49 3206 121 3297 τῖες
146 3224 275 3283 motus
300 3204 451 3382 diurnues
476 3208 657 3304 graduum
682 3205 823 3280 trium:
848 3201 909 3373 pel

462 3326 516 3401 c3
873 3322 911 3377 e·
