2086 3682
50 181 53 189 ·
149 129 232 237 126
471 123 713 252 Caput-IV.
824 77 830 83 Ι
981 173 985 181 ’

142 291 370 364 diteraneum
385 332 403 376 ,=
420 289 555 371 fretum
580 289 832 380 Herculeum,
857 282 896 367 dr
923 317 1001 371 ma·

71 382 85 438 2
141 411 182 464 re
214 387 441 471 Atlanticum
471 392 572 465 rab
615 391 822 467 Occidente
860 391 1001 469 rursum

71 552 77 561 t
130 487 349 567 =Atianticus
372 487 549 565 Oceanus
572 508 583 563 r
610 517 632 564 a
657 491 912 589 Septentrione
937 493 1000 567 de·-

24 622 25 627 ¹
57 624 62 646 ‹
125 609 244 664 ,mum
270 608 371 662 mare
394 588 675 688 Hyperboreum
700 591 759 663 ieu
775 592 1006 687 Septentrio*

139 683 234 765 nale.
290 687 502 786 Longitudo
529 687 624 763 illius
650 689 797 766 summa·
812 691 907 765 inter
932 686 1001 767 Hi·

141 782 269 883 spaniae
294 789 590 883 promontorium
616 785 780 873 sacrum,
807 812 905 862 nunc
926 788 999 864 Ca·

138 885 188 956 bo
225 884 271 959 de
308 886 345 977 S,
374 887 589 973 Vincente,
631 890 676 962 ad
714 886 804 960 Obii
841 885 999 962 fluminis

138 981 270 1056 ostium
296 980 413 1082 usque
444 989 607 1062 excurrit
639 985 751 1086 spatio
792 985 998 1065 milliarium

138 1081 447 1162 Germanicorum
486 1107 587 1175 900.
665 1086 839 1162 Latitudo
869 1105 999 1165 ¹autem

24 1200 27 1205 ’
135 1183 297 1256 maxima
324 1209 345 1257 a
368 1186 522 1258 Taenaro
544 1182 782 1283 ¹Peloponensi
815 1184 861 1256 ad
888 1186 998 1259 Sero·

88 1315 90 1323 ·
135 1278 285 1354 tifinniae
326 1284 619 1382 promontorium
656 1285 854 1369 Rutubns,¹
886 1283 998 1363 hodie

20 1435 22 1439 s
134 1378 337 1478 Noortkyn
367 1375 531 1468 diuum,
566 1376 636 1457 sese
671 1383 822 1482 porrigit
850 1405 893 1457 ac
916 1382 995 1457 mii·

134 1477 237 1575 liaria
269 1501 350 1569 500.
378 1478 643 1580 complediitut.
700 1483 847 1554 Nomen
871 1479 997 1558 sortita

135 1577 207 1656 effe
241 1581 397 1654 traditur
427 1582 474 1654 ab
497 1583 641 1682 Europa
675 1582 853 1678 Agenoris
887 1581 996 1660 Phoe·

132 1679 237 1751 niciae
263 1681 372 1778 Regis
406 1676 507 1768 filia,
539 1704 650 1781 quam
672 1679 816 1778 Jupiter
840 1679 995 1757 Creten·

131 1775 224 1851 fium
262 1779 340 1865 Rex
370 1782 517 1878 navigio
554 1778 664 1855 Tauri
689 1776 843 1876 speciem
870 1780 995 1877 praeie·

131 1868 265 1963 ferenti
296 1877 499 1974 impositam
534 1881 687 1976 rapuit,
728 1876 924 1975 secumque
957 1878 994 1955 iu

128 1973 227 2052 hanc
248 1975 350 2051 orbis,
369 1997 510 2074 partem
533 2000 578 2049 ex
599 1974 680 2049 Asia
706 1976 911 2053 transtulit:
928 2000 993 2050 un·

128 2074 177 2148 de
203 2074 324 2153 Poetis
355 2074 477 2151 fabula
511 2077 613 2174 Jouis
649 2077 686 2149 in
719 2076 883 2149 Taurum
912 2090 993 2149 mu.

130 2171 200 2246 tati
225 2196 269 2249 ac
293 2175 475 2274 Europam
503 2172 676 2273 rapientis
703 2196 789 2250 nata
815 2173 876 2248 est.
909 2175 998 2272 Jam-

127 2274 284 2351 veroin
310 2271 465 2349 secunda
488 2296 597 2371 quam
624 2273 719 2355 dixi,
752 2272 903 2368 periodo
939 2273 991 2348 di.-

126 2364 203 2444 visa
234 2368 304 2450 fuit
335 2373 488 2470 Europae
521 2389 617 2445 terra
650 2368 841 2445 continens
877 2371 914 2443 in
941 2371 992 2445 di·

127 2466 249 2547 versas
261 2557 267 2567 ¹
281 2492 423 2570 gentes¹
440 2492 484 2545 ac
515 2468 683 2566 regiones
699 2513 711 2553 ,
743 2490 900 2565 quarum
911 2478 989 2546 'no-

51 2634 54 2639 ,
124 2568 226 2645 mina
251 2574 361 2644 etiam
394 2589 494 2650 nunc
525 2564 621 2639 clara
656 2562 831 2641 exstant:
864 2566 991 2668 Hispa·
1024 2646 1028 2657 ,

123 2668 248 2759 niarn,
285 2665 471 2753 Galliam,
511 2664 788 2763 Germaniam,
822 2665 991 2745 Vindeli-

124 2767 235 2855 tiam‚
262 2763 470 2849 Rhoetiam,
495 2763 657 2852 italiam,
684 2765 877 2853 Noricum,
901 2767 1012 2863 Pan·¹

83 2870 85 2875 '
122 2867 272 2941 noniam
286 2908 298 2947 ,
323 2859 533 2960 illyricum,
560 2863 776 2953 Graeciam,
814 2865 1010 2957 Macedo·'

120 2965 245 3046 niam,
277 2959 506 3050 Thraciam,
540 2962 736 3052 Moesram,
770 2964 989 3057 Daciam&

123 3059 350 3139 numanam.
426 3060 604 3138 Oceanus
639 3083 730 3138 vero
755 3086 914 3163 magnus
951 3063 990 3139 in

118 3156 265 3274 insulas
306 3156 506 3271 praecipuas
554 3160 810 3259 Britannum,
849 3160 1027 3278 Huberv

200 3324 202 3329 ·
871 3285 990 3361 mam)
