2086 3682
326 102 379 195 Η
380 102 512 216 issorio
541 96 733 212 Mallrfis.
916 131 970 223 41

118 265 385 371 ordinatiurqne
403 264 576 342 condenda
584 264 703 361 fitiffl.
755 267 842 341 Non
859 266 978 343 solum'

119 390 247 444 autern
274 366 453 466 profana,
479 366 538 440 led
563 368 600 440 &
625 366 729 441 sacrat
754 367 977 465 Reipublicae

117 465 285 543 savorem
310 465 368 538 fibi
390 469 464 540 hoc
487 489 567 540 aevo
593 467 797 564 promeruit
828 469 976 543 Mathe·

117 564 195 640 lis:
237 563 403 662 profesio
423 563 614 665 sylvester
639 567 689 638 ll.
726 563 860 639 Pontif.
897 568 975 642 Ma·

117 668 204 741 xlm.
223 663 430 739 Gerbettus
455 686 564 747 antea
587 661 718 751 draus,
737 664 893 739 Ottonis
912 668 974 741 111.

117 767 252 864 lmper.
285 784 405 863 atque·
433 764 584 838 Robetti
618 764 838 837 Francorum
864 766 976 866 Regio

116 884 345 965 praceptor‚
369 865 459 937 dnm
489 864 527 936 in
559 864 730 938 coenobio
762 862 977 955 floriacensi

116 966 303 1064 privatam
346 963 498 1061 degeret
535 962 685 1055 vitam,
722 961 977 1040 Astrooomica

116 1063 266 1137 scientia
300 1085 430 1135 omnes
470 1063 645 1160 temporis
685 1059 781 1133 illius
819 1063 975 1160 aquales

116 1160 361 1257 antecelluit..
407 1158 654 1259 Horologium
678 1157 975 1241 Astronomicuru

116 1258 360 1362 Mngdeburgi
388 1258 561 1364 vsirunit,
602 1257 699 1333 illius
743 1261 813 1333 oevi
854 1262 981 1362 prodi·

116 1362 253 1461 gium:
288 1359 439 1459 globum
473 1380 625 1461 quoque
650 1356 835 1433 coelestem
859 1363 982 1437 arduo·

116 1477 256 1546 conatu
282 1453 446 1544 effinxit,
481 1476 590 1532 torno
616 1458 821 1557 expolitum
852 1460 890 1534 sir
914 1483 976 1536 co·

116 1561 170 1634 rio
198 1556 423 1643 obvolutum
447 1557 608 1650 equino,
632 1558 826 1632 horizonte
851 1582 894 1633 ac
920 1561 977 1634 di.

115 1656 219 1737 tersa
245 1657 426 1733 coelorum
451 1655 723 1757 pulchritudine
748 1656 980 1761 insignitum·

117 1759 186 1831 His
211 1755 366 1856 aliisque
395 1776 532 1829 areana
560 1754 768 1833 Matbeseos
801 1758 981 1856 operibor

117 1876 261 1931 tantam
309 1855 360 1928 sui
395 1855 674 1929 admirationem
715 1857 814 1955 apud
849 1878 973 1934 rerum

116 1956 308 2056 imperitos
330 1955 508 2029 excitavit
528 1952 753 2043 Gerbertus,
779 1973 824 2029 ut
844 1957 976 2053 magiae

116 2057 177 2131 vel
203 2055 463 2129 necromantiae
487 2050 724 2148 suspicionem
751 2053 972 2132 incurreritr

92 2153 177 2230 .sed
207 2154 328 2230 labem
360 2154 458 2229 hanc
491 2149 643 2223 omnino
679 2145 838 2231 abuerat
860 2152 973 2229 Gabr.

116 2254 305 2327 Naudaeus
334 2254 371 2326 in
395 2252 487 2327 libro
514 2250 559 2323 de
585 2249 685 2323 Viris
710 2245 905 2325 illustribus
935 2251 970 2326 sr-

117 2352 211 2427 milis
236 2352 365 2450 magiae
389 2348 575 2426 accusatis.
635 2347 825 2448 singulare
848 2369 974 2427 autem

119 2453 232 2527 decus
261 2449 504 2525 Astronomiae·
532 2442 678 2525 acceffit
711 2449 865 2531 aViri's
886 2452 979 2535 vilar

70 2620 76 2659 ,
118 2548 305 2627 nouitate
327 2548 551 2647 conspicuis,
577 2570 709 2645 nempe
735 2548 775 2625 Β.
790 2549 978 2629 Hermam·

117 2674 183 2736 no,
207 2649 339 2751 Augiae
360 2648 485 2723 divitis
509 2647 717 2735 Monacho,
743 2649 970 2745 quiamem·

72 2798 76 2803 -
118 2747 266 2825 brorum
303 2747 423 2834 vitio,
458 2747 562 2843 quod
596 2749 806 2830 contraxit,
834 2771 979 2846 cogno.

70 2908 76 2967 l
118 2870 199 2923 rnen
226 2843 412 2939 Controlii
438 2844 584 2919 sortitus
608 2842 687 2932 est,
716 2845 900 2941 variisque
922 2848 969 2921 de

70 2980 78 3033 ,·
119 2945 353 3032 Asttolabio,
399 2943 586 3043 eclipfibus
619 2942 658 3015 ἂ
692 2945 970 3040 computatione

70 3038 72 3045 ’
121 3044 368 3121 Astronomica
413 3042 728 3128 lucubrationibus
775 3042 813 3113 in
846 3037 983 3117 lucem·

121 3142 439 3227 uinsiinclaruin
470 3139 628 3323 semiliter
652 3141 700 3222 D.
724 3137 899 3319 Albertps
915 3141 982 3255 Μ

535 3261 556 3335 5
695 3307 699 3311 .
887 3260 968 3321 atra·
1023 3314 1027 3324 ,
