2086 3682
225 162 538 259 'Araditrdionica
566 170 776 263 Militarir.
861 192 946 291 285

90 333 138 409 ita
165 331 333 416 inutilia,
369 331 429 406 vel
464 332 547 432 plus
580 355 684 432 aequo
718 337 947 416 abinvicem

90 451 382 508 removerentur.

74 678 79 687 ·
158 664 221 739 Ab
255 661 522 762 ichnographia
551 663 596 737 ad
629 661 947 767 Otthogtaphiam

87 783 303 863 pergamus,
329 777 459 859 utpote
482 761 631 837 alteram
655 785 795 861 partem
820 770 948 844 Archi-

88 858 279 936 erronica
302 858 481 935 Militaris.
530 862 621 935 Haec
645 861 695 936 est
720 865 950 962 representa·

81 961 143 1036 tio,
167 960 390 1035 munimenti
424 983 466 1034 ac
494 959 751 1035 determinatio
778 968 947 1041 omnium

89 1057 181 1134 illius
208 1059 458 1133 membrorum
483 1081 526 1133 ea
550 1062 706 1146 ratione,
725 1086 797 1158 qua
820 1066 855 1137 in
874 1064 948 1161 pla·

89 1181 163 1244 no,
184 1156 495 1259 (perpendiculari
513 1159 572 1233 ‚ad
608 1158 836 1234 horizontem
879 1162 946 1238 fitu

88 1254 207 1332 media
231 1277 433 1354 apparent,
467 1257 518 1330 ita
551 1276 595 1330 ut
632 1261 947 1337 eorum'aititudo

61 1355 189 1430 imni
224 1378 270 1430 ac
300 1354 455 1429 latitudo
488 1353 635 1455 spediari
672 1355 804 1455 poffit,
845 1364 948 1462 quod

89 1455 276 1556 proprium
301 1450 584 1555 Orthographi'ae
606 1453 768 1531 officium
796 1459 863 1545 est,
887 1463 946 1536 uti

92 1553 364 1653 ichnographia
387 1554 653 1655 longitudinem
688 1555 831 1656 fingulis
866 1584 948 1635 mu·

63 1654 244 1729 ‘nimenti
279 1652 440 1751 partibus
482 1656 765 1730 convenientem
798 1655 946 1758 fimpiici

89 1750 268 1828 linearum
293 1751 583 1850 angulorumque
608 1751 720 1828 duur
746 1751 948 1856 affignare,

90 1873 135 1927 ac
156 1853 196 1923 in
217 1846 448 1947 conspectum
472 1855 685 1951 producere.
734 1856 803 1928 Etsi
819 1881 946 1931 autem

88 1951 129 2024 in
154 1969 254 2024 certa
276 1948 470 2025 altitudine
501 1975 545 2024 ac
566 1950 761 2030 latitudine
785 1958 946 2051 partium

87 2048 258 2129 struenda
294 2070 397 2144 aeque
433 2050 552 2121 varias
594 2052 632 2121 in
666 2051 854 2146 opiniones
886 2054 948 2125 ab·

90 2170 179 2224 eant
217 2145 421 2233 Aunores,
464 2167 574 2244 quam
607 2147 645 2219 in
670 2143 874 2223 definienda
904 2148 945 2225 li·

88 2270 240 2323 nearum
271 2244 563 2361 angulorumque
595 2243 786 2333 mensura,
818 2269 948 2321 omnes

44 2380 48 2387 ·
88 2369 216 2423 tamen
238 2347 302 2431 in
322 2348 360 2443 id
386 2343 619 2446 conspirant,
658 2346 757 2446 quod
788 2368 862 2419 non
889 2369 943 2425 ea·

88 2450 177 2523 dem
201 2442 358 2543 altitudo
385 2445 423 2521 dt
448 2443 605 2519 latitudo
631 2445 791 2544 partium
815 2447 851 2520 in
871 2468 946 2521 ma·

89 2549 178 2643 ioris
218 2567 262 2619 ac
290 2545 440 2620 minoris
472 2542 600 2618 format
632 2540 871 2621 munimentis
905 2544 948 2622 fit
990 2597 992 2601 -

91 2644 325 2721 obsttvanda.
377 2637 702 2740 Quemadmodum
728 2642 854 2720 a'utetn
870 2646 949 2719 ich·

92 2743 317 2845 nographia,
353 2742 405 2831 ita
428 2743 469 2817 ’δι
494 2741 774 2841 orthographia
800 2742 948 2840 propria

92 2843 150 2918 fibi
178 2840 360 2917 vocabula
391 2841 431 2919 ἅ
456 2840 542 2916 artis
565 2843 741 2917 terminos
766 2839 950 2915 vendicat.

90 2944 222 3051 ltaque
477 2972 480 2977 ·

152 3076 197 3149 i..
221 3070 361 3148 Vallum
384 3064 436 3144 est
460 3066 577 3143 moles
599 3065 774 3145 terrestris
794 3066 853 3143 seu
871 3066 951 3173 iirg-

94 3173 214 3281 gestus
233 3192 356 3249 totum
378 3169 650 3245 munimentum
667 3169 842 3245 ambiens.

746 3291 760 3306 “
806 3297 949 3396 Erismr'r
