2086 3682
409 184 559 277 Dium.
832 216 915 307 179

60 348 195 437 deaut,
229 347 267 421 &
294 346 412 423 animi
431 345 664 435 alietiiones,
688 371 736 422 ne
758 373 917 451 evagen-
946 360 948 365 ’

60 467 143 537 tur,
170 447 313 523 debitos
337 448 431 521 intra
458 447 591 525 limites
618 446 827 543 continere,
851 470 917 526 aut

60 546 97 651 ss,
114 544 324 621 seditionem
351 570 504 620 movere
528 546 664 631 velint,
694 545 827 643 injetln
850 548 915 623 sre-

60 668 112 719 no
138 668 306 720 coercere
331 648 478 731 norint,
510 669 583 718 non
616 644 717 739 seous
751 670 793 720 ac
820 649 917 744 apud

59 742 258 844 Virgilium
285 739 414 818 lutros
440 743 479 817 ὅ(
498 764 630 819 ventus
656 742 819 821 furentes
844 749 917 823 Ne·

59 861 228 943 ptunus:
278 887 282 896 ·

162 962 261 1065 Qus
280 988 341 1067 ego
362 960 380 1039 Ι
392 961 461 1060 stri
476 936 590 1055 'motos
609 963 759 1064 prostat
784 976 918 1062 compo·

395 1110 477 1159 nere
494 1082 635 1175 stulius.

63 1204 209 1281 Primus
244 1207 308 1279 hio
333 1203 435 1281 labor
466 1228 660 1305 pareutum
692 1206 730 1280 δι
753 1204 920 1279 modera-

62 1323 188 1378 torum
219 1303 289 1379 effe
323 1307 498 1393 deberet,
538 1328 582 1378 ut
615 1306 651 1379 in
686 1304 786 1380 molli
812 1322 920 1378 aetate

64 1401 171 1479 velut
201 1404 236 1476 in
262 1405 372 1478 herba
400 1403 577 1479 suffocent
604 1427 718 1501 prava
744 1403 918 1501 cupidita·

64 1521 145 1575 tum
179 1500 489 1603 affuelionumque.
525 1504 809 1597 exorbitantium
841 1521 923 1599 ger·

65 1603 181 1675 mina:
211 1600 309 1700 quod
336 1600 358 1674 sr
386 1599 592 1702 negleClum
621 1600 922 1683 fuerit‚uutcum

64 1702 169 1774 annis
183 1700 417 1798 repullulent,
444 1705 561 1776 virtus
588 1704 747 1775 maxime
764 1699 923 1799 pruden-

65 1801 145 1882 εἰει,
179 1799 216 1869 in
241 1802 410 1873 auxilium
433 1804 600 1876 vocanda
627 1800 704 1888 est,
739 1792 927 1875 &sanein

65 1892 234 1995 quaedurn
268 1895 325 1965 vis
355 1896 393 1966 ὃ(
418 1898 595 1967 violentia
625 1897 834 1995 inferentia,
866 1890 926 1975 ui}

17 2016 23 2027 ·
63 2015 140 2095 que
167 1992 255 2063 dum
282 1991 327 2062 ad
353 1992 512 2065 debitam
547 1998 761 2089 temperiem
797 2012 923 2088 perve-

65 2093 201 2168 niatur.
270 2090 328 2165 Sic
351 2114 426 2165 non
451 2088 564 2165 solum
591 2088 660 2162 sani
685 2093 838 2175 erimus,
862 2090 924 2165 led

67 2193 178 2268 etiam
205 2187 392 2289 sapientes.
466 2186 699 2266 Concludere
736 2190 842 2282 iuvat
866 2212 924 2264 ca·

66 2313 137 2393 put
161 2291 234 2364 hoc
259 2292 304 2365 de
332 2288 478 2366 Medico
503 2288 553 2363 sui
590 2286 696 2389 ipsius
730 2286 792 2363 seu'
816 2288 926 2365 diaetu

67 2391 167 2465 notis
192 2388 249 2462 sed
272 2389 378 2491 plane
397 2390 515 2465 aureis
540 2387 669 2465 scholae
691 2387 926 2465 Salernitanae
981 2441 988 2451 -

17 2574 22 2583 ,
68 2488 251 2567 verficulis
274 2518 284 2562 ε
311 2490 402 2584 (m)

15 2588 19 2595 '
73 2658 76 2663 =
171 2606 214 2685 u·
235 2607 304 2711 tm·
324 2606 487 2701 definant
511 2605 674 2697 Medici,
692 2602 834 2683 Medici
856 2598 927 2679 tm·

247 2756 251 2763 ’
394 2730 491 2823 fiant
904 2834 907 2843 Ι

167 2846 255 2926 Hoc
270 2854 369 2928 trin:
390 2876 484 2947 mens
504 2844 652 2940 hilaris,
682 2851 837 2953 requies,
850 2868 927 2920 mo·

401 2971 527 3050 derata
545 2971 662 3052 diam.
790 3050 860 3197 c
925 3028 942 3039 .-

867 3093 934 3192 A?

154 3235 233 3314 (m)
263 3232 333 3317 Cap.
348 3253 376 3302 1.

467 3317 552 3435 M.²
667 3378 671 3387 .
704 3342 709 3363 ¹
748 3342 756 3371 ·-
