2084 3698
172 195 226 256 12
380 159 509 282 Caput
537 160 578 293 If
603 158 837 254 Eacoaa'uat.
931 142 934 146 ’
1032 122 1035 131 ⁸

160 324 297 404 bro'fius
321 322 508 427 produffle
532 348 553 400 e
577 329 611 400 S.
627 329 810 427 Scriptura
839 329 1026 408 sententiis

165 427 353 503 invehitur
396 427 435 499 in
459 426 678 500 Geometras
712 446 815 502 tetrae
844 428 1025 504 ambitum

170 518 392 628 metientes,
429 532 543 694 quum
580 527 789 625 per-qaifitas
818 505 1025 605 umbrarum

82 670 84 681 ·
146 624 298 720 'cauffits
324 621 374 700 &f
396 648 433 696 ec
441 621 574 723 ypfium
586 673 597 711 ‚
625 625 867 719 marcescentes
880 622 1034 726 stapam&

167 728 229 799 tie
243 727 423 796 vanitates
446 741 568 796 vocat.
589 723 651 820 (b)
702 724 801 797 Absit
820 743 956 815 tamen,
975 726 1022 802 ut

149 826 243 899 'hec
268 821 307 896 &
332 819 455 899 fimilia
480 844 702 922 quemquam
719 826 933 900 eruditionis
957 850 1020 900 cu·

159 912 285 1023 pidum
325 938 348 995 a·
372 920 544 1007 Mathesrs
568 920 683 997 studio
710 914 881 998 evocent.
955 927 1021 1000 Fa·

54 1076 58 1084 .
167 1022 273 1108 teor,
295 1018 382 1094 olim
417 1039 483 1119 tot*
505 1024 688 1109 numeris,
714 1023 878 1110 circulis,
900 1024 938 1098 ὅ(
961 1048 1015 1098 or·

92 1144 95 1149 ·
163 1121 292 1205 bibus,
322 1140 380 1192 tot
406 1122 607 1216 aenigmatis
639 1121 1019 1223 fignisqueobscutis·

159 1219 252 1294 srmis
278 1217 444 1293 involuta
470 1216 540 1292 fuit
564 1222 644 1293 haec
667 1247 725 1294 ars
752 1248 771 1294 a
797 1220 922 1319 primis
946 1223 1018 1297 suis

162 1317 448 1408 Conditoribus,
477 1337 536 1411 ut«
557 1317 811 1394 Mathematici
841 1318 1018 1394 haberen-

83 1424 86 1433 '
158 1436 219 1491 tur
233 1465 246 1505 ‚
285 1441 327 1489 ac
353 1414 561 1492 dicerentur
581 1415 696 1489 [olum
721 1414 802 1502 issi,
842 1424 935 1515 quos
960 1443 1015 1499 re,-

140 1512 393 1591 motiffimum
414 1516 459 1588 ab
484 1516 646 1586 humano
667 1514 866 1602 consortio,
890 1516 1015 1593 occul·

159 1611 405 1713 tiffimumque
416 1631 505 1689 'cum
522 1610 690 1687 fideribus
709 1615 932 1691 comercium
949 1619 1015 1693 ha·

157 1717 244 1792 bere
268 1713 403 1814 vulgus
429 1711 610 1796 credebat,
631 1709 780 1810 fereque
807 1713 868 1789 soli
890 1713 1014 1788 Astro-

158 1816 248 1916 logi,
275 1811 317 1886 sae
344 1835 364 1886 e
389 1803 565 1883 vaaiffimi
587 1811 773 1897 homines,
798 1815 871 1893 hoe
895 1817 1012 1887 nomi·

158 1938 205 1989 ne
229 1914 299 2012 adp
331 1909 532 2001 ebantur„
578 1918 631 1984 At
658 1935 702 1986 ea
726 1914 886 1988 vivimus
916 1932 1014 1987 tem·

156 2034 271 2115 pora,
296 2008 428 2106 quibus
451 2009 544 2083 adeo
558 2011 642 2099 ‚haec
665 2034 723 2084 ars
746 2009 891 2091 exculta
916 2010 1009 2100 fuit,

153 2130 198 2184 ut
227 2106 515 2206 aspere-viarum
550 2109 889 2194 Mathematicatum
916 2110 1011 2187 clara

141 2207 194 2284 ·&
218 2203 430 2293 succinere,
465 2229 643 2303 quantum
675 2207 752 2284 fieri
786 2205 922 2307 potest,
947 2210 1011 2284 de·

155 2304 375 2403 monstrandi
413 2306 591 2378 methodo
632 2324 824 2405 tantopere
860 2298 1010 2384 fuerunt

155 2404 407 2505 complanata,
431 2423 475 2476 ut
491 2404 602 2476 etiam
618 2403 792 2498 juvenes,
820 2404 842 2478 fi
859 2430 931 2481 nou
946 2409 1009 2481 ad·

153 2503 305 2580 modum
334 2503 486 2575 hebetes
515 2501 600 2589 smt,
627 2500 685 2594 sed
709 2501 842 2583 laboris
866 2509 1008 2607 patien-

61 2627 67 2635 ’
105 2659 117 2681 .
152 2623 235 2690 tes,
268 2625 338 2675 nee
369 2601 510 2703 prodigi
536 2603 733 2701 temporis,
769 2606 1007 2702 presertimst

150 2703 226 2777 dux
250 2701 405 2777 idoneus
446 2702 620 2788 accedat,
653 2705 716 2802 qui
744 2700 825 2801 quoe
860 2705 1007 2779 auribus

150 2800 252 2889 dicit,
278 2798 488 2875 discentium
514 2798 631 2874 oculis
658 2824 805 2899 quoque
830 2801 1005 2898 subjiciat,

147 2922 303 3002 magnos
336 2901 373 2973 in
402 2902 472 2974 hac
510 2893 658 3005 seientia
681 2899 885 2999 progressus
915 2925 1005 3000 pau·

149 3022 214 3074 cos
238 3002 334 3073 intra
359 3022 473 3083 annos
499 2997 618 3071 facere
646 3017 794 3094 queant.
877 3001 1004 3076 Praete·

149 3123 211 3193 tea
222 3100 392 3174 theoricae
403 3095 609 3203 Metheleos
624 3098 723 3195 rigor
737 3098 910 3174 immiteis
946 3125 1003 3173 ra·

921 3220 1001 3278 *crs

251 3289 317 3372 (b)
346 3286 456 3357 Leo.
477 3289 508 3354 ia
524 3289 749 3374 Hexamcttott,
997 3274 1003 3289 ⁸
