2086 3682
118 208 122 221 ¹
146 135 231 225 142
449 108 579 227 Caput
598 83 689 219 IV.

7 322 8 326 =
74 335 76 339 ,
129 268 345 357 ¹incolarum
374 271 522 369 quidem
553 293 708 349 numero
743 291 786 342 ac
820 291 998 368 propaga·

37 362 40 371 ’
136 372 243 445 tione
267 364 401 456 auiiae,
427 367 561 468 pristini
585 388 710 445 tamen
733 367 927 467 splendoris
946 366 999 440 fa·
1023 422 1027 431 .

140 491 284 568 maeque
317 468 538 545 detrimenta
574 470 748 543 continua
777 465 883 540 velut
912 463 999 540 serie

140 566 210 643 sint
233 563 362 667 passae3
386 570 567 666 potentia,
579 567 766 642 literarum
783 590 832 649 ‚ac
851 587 999 638 morum

140 665 313 753 cultura,
350 665 615 769 dominatuque
661 666 802 764 magnis
844 660 1000 763 paffibus

140 766 180 847 in
211 768 411 862 Europam,
431 765 640 864 migrante,
688 760 876 840 substituta
893 761 1000 840 'Asiae
1024 763 1027 775 '

139 863 315 940 barbarie.
369 911 370 917 κ
498 878 500 882 “
1020 893 1027 911 ·

168 1012 172 1021 ·
221 959 389 1061 Superest
416 957 615 1062 Cyprus&
637 954 787 1049 Rhodus,
804 956 1002 1037 clarissimae

131 1061 223 1139 ·duae
249 1061 358 1135 maris
384 1061 653 1148 mediterranei,
671 1085 746 1162 qua
763 1081 867 1160 parte
881 1059 1000 1135 Anam

140 1156 401 1258 'alluininsulm
454 1161 603 1258 Cyprus
628 1183 764 1238 novem
789 1182 998 1259 regnorum,

132 1278 186 1347 ‘ut
208 1260 396 1334 Veterum
421 1257 582 1335 Annales
619 1279 851 1357 memorant,
871 1282 999 1357 ‘quon-

141 1360 228 1433 iiam
255 1355 354 1432 sedes
385 1355 422 1430 in
451 1377 610 1456 quatuor
633 1355 864 1457 postmodum
890 1355 1003 1434 divisa

13 1472 17 1485 ·
43 1501 47 1506 -
141 1478 266 1559 partes
291 1453 375 1530 est:
402 1453 648 1544 Salaminam,
671 1456 863 1556 Paphiam,
888 1462 1001 1533 Ama·

51 1562 55 1573 '
134 1552 312 1640 thufiarn,
341 1553 380 1629 &
403 1553 457 1629 La
484 1555 636 1631 ithiam.-
673 1556 998 1651 Tantalemnejus
1036 1564 1042 1576 '

115 1699 119 1717 ι
141 1651 358 1755 opulentia,
390 1673 435 1728 ut
459 1579 588 1729 i‘orcio
614 1654 761 1730 Catone
785 1652 862 1752 post
885 1654 1000 1749 domi·

17 1754 20 1759 ’
142 1773 222 1829 tam
248 1772 398 1855 gentem
424 1776 445 1827 c
496 1754 567 1827 rias
590 1775 679 1852 opes
705 1756 860 1827 Romam
885 1773 999 1827 trans-

143 1850 298 1935 ferente,
311 1842 425 1951 spolia
469 1874 520 1925 aec
541 1850 677 1950 largius
701 1853 865 1927 aerarium
885 1875 1001 1952 popu·

128 1943 170 2031 ii
188 1952 355 2034 Romani,
377 1972 487 2049 quam
511 1947 608 2024 ullus
628 1951 850 2050 triumphus,
873 1950 1001 2050 impie·

142 2052 277 2130 verint.
333 2049 458 2126 Minor
490 2048 760 2151 amplitudine,
787 2047 846 2123 sed
873 2049 1001 2125 nobili·
1037 2106 1041 2116 .

141 2168 222 2224 tate
255 2173 321 2249 par
352 2145 424 2222 fuit
448 2142 588 2223 Rhodus
618 2149 754 2237 inula,
790 2172 830 2223 re
852 2150 1001 2226 nautica

140 2250 303 2325 maxime
328 2245 487 2330 illustris,
513 2271 584 2320 nec
607 2249 727 2321 minus
749 2244 938 2323 literarum
960 2246 1000 2323 δι

129 2345 361 2446 ‚eloquentiae
392 2341 541 2430 studio,
575 2344 675 2435 quod
705 2346 885 2445 praecipue
913 2346 1028 2422 urbs'

138 2533 140 2536 ¹
169 2447 312 2543 rineeps
342 2440 495 2516 Rhodus
513 2438 753 2540 profitebatur
770 2469 792 2515 a·
822 2466 869 2524 ex
885 2447 1001 2521 omni·

134 2470 210 2617 {us
237 2561 362 2637 tamen
387 2542 634 2615 monumentis
659 2541 814 2617 eminuit
836 2541 925 2627 illud
943 2568 1000 2621 oo

140 2640 197 2717 bis
220 2637 463 2725 miraculum,
490 2636 571 2714 solis
598 2639 774 2729 colossus,
800 2665 860 2738 70.
887 2645 1000 2741 pedes

31 2796 34 2800 Α
85 2808 91 2821 ,
142 2737 257 2825 altus,
283 2757 329 2814 en
354 2761 423 2812 aere
449 2736 659 2830 conflatus,
677 2743 781 2836 cujus
802 2765 907 2817 crura
922 2760 1001 2820 tam

143 2836 294 2938 ampla,
325 2857 370 2913 ut
392 2862 508 2916 naves
533 2837 622 2915 velis
643 2834 821 2914 instruuae
847 2840 1024 2919 inoffen··

141 2933 180 3013 so
207 2938 300 3036 pede
324 2940 476 3014 transire
499 2939 716 3039 potuerinta
750 2936 828 3038 post
862 2964 919 3014 an.
941 2948 1001 3034 56.
1025 2948 1028 2952 ’

142 3054 249 3112 rerrae
269 3054 377 3113 motu
402 3035 579 3136 prostrata
600 3035 717 3121 moles
740 3039 852 3115 etiam
874 3040 1001 3142 jacens

133 3135 311 3244 ¹prodigio
332 3133 414 3216 fuit
463 3256 467 3265 ι

851 3237 998 3319 XXVI.
