2086 3682
256 121 564 241 Arclu‘telioniru
589 124 731 239 civilis.
856 163 942 265 205

88 315 252 390 riebatur
272 312 571 413 aPropitintorio
598 309 659 387 seu
672 314 835 414 tegmine
852 316 945 407 ejus·
989 406 992 411 ¹

87 416 175 490 dem
209 437 294 488 curn
326 436 410 489 arca
438 411 678 512 longitudinis
708 436 754 488 ac
785 411 945 491 latitudi-

87 514 167 601 nis,
217 513 319 612 quod
354 510 418 586 alls
454 512 524 585 suis
561 510 830 598 obumbrabant
868 515 944 593 duo
991 571 993 577 -

87 612 279 690 Cherubin
304 613 425 696 aurei,
453 606 564 686 verfis'
588 611 625 687 in
649 608 685 687 se
706 631 839 689 mutuo
864 614 963 690 vul·'

88 709 188 787 tibus
210 709 466 811 respicientes,
498 709 537 784 ὁ(
569 732 690 808 equo
714 711 840 787 divion
865 710 946 789 fun·

88 812 268 886 debantur
293 808 452 885 oracula.
484 834 487 841 ·
521 809 633 884 Porro
659 807 832 885 Sandi‘um
857 834 946 909 quo·

88 911 178 985 tidie
204 910 419 984 Sacerdotes
443 908 767 1007 ingrediebantur,
793 930 838 984 ut
861 912 946 987 ado·

88 1007 207 1085 lerent
242 1009 504 1107 thymiamata,
530 1005 679 1107 vespere
704 1027 749 1082 ut
774 1011 947 1089 accende·

88 1126 171 1184 rent
183 1107 409 1206 lucernas&
426 1129 544 1192 mane,
558 1125 604 1179 ut
617 1107 877 1207 extinguerent
889 1135 899 1182 r
911 1111 948 1184 in

88 1204 262 1283 Sanctum
289 1230 381 1282 vero
413 1201 627 1280 Sandotunr
659 1204 722 1282 soli
740 1206 944 1297 ¹Pontifici,

84 1326 201 1406 utque
224 1306 313 1381 huic
337 1305 445 1404 semel
467 1306 505 1379 in
521 1328 618 1383 anno
642 1306 834 1395 duntaxat,
846 1330 949 1383 nem·

113 1408 194 1483 ein
221 1404 456 1506 Expiationis
479 1400 568 1482 festa
590 1406 650 1481 die
683 1407 758 1499 (r)
769 1437 784 1467 v
793 1408 948 1485 introire

86 1431 204 1581 licuit.
273 1506 356 1579 ldea
380 1503 459 1578 haec
482 1505 596 1604 prima
620 1504 693 1579 fuit
715 1504 947 1582 Architedlu·

88 1627 137 1678 rae
162 1603 280 1692 sanae,
305 1627 379 1702 qua
404 1604 505 1678 Deus
531 1602 604 1700 ipse
627 1605 796 1680 homines
818 1608 947 1682 docuit

91 1723 171 1778 tum
195 1725 280 1803 quae
309 1705 346 1778 in
371 1701 516 1802 templis
539 1701 757 1778 aedificandis
781 1704 950 1794 mensura

90 1803 320 1892 adhibenda,
353 1800 591 1901 longitudinis
628 1800 704 1879 fere
736 1805 850 1906 duplo
880 1827 947 1881 aut

89 1901 201 2002 triplo
225 1901 395 1996 majoris,
426 1925 537 1999 quam
570 1899 659 1976 esset
688 1901 846 1978 latitudo
873 1929 949 2004 -par

89 2001 299 2078 altitudini:
326 2006 420 2073 tum'
435 2002 517 2095 quis
541 2000 631 2072 ordo
657 2000 694 2070 in
719 1999 949 2096 disponendis

90 2099 220 2201 templi
251 2098 422 2200 pontibus⁴
442 2095 715 2180 observandus,
748 2115 829 2168 tum
863 2101 949 2196 quis

88 2225 156 2301 per
180 2197 391 2284 columnaS,
416 2193 519 2280 vela,
542 2189 700 2289 vasaque
724 2189 819 2288 sacra
844 2218 950 2272 orna.

90 2320 153 2375 tus
178 2300 215 2388 &
240 2299 352 2374 decor
368 2294 467 2370 loco
500 2306 575 2368 tam
603 2287 723 2368 sanun
754 2291 950 2371 concilian-

91 2403 160 2474 dus
193 2396 301 2475 foret.
379 2397 426 2471 Et
450 2417 491 2469 re
522 2390 655 2495 ipsaiu
682 2393 949 2491 antiquioribus

92 2499 310 2599 quibusdam
348 2492 525 2580 Bafilicis,
555 2493 737 2592 praecipue
768 2493 951 2575 Monalie·

92 2599 229 2673 riorum
252 2592 442 2682 Ecclesris,
478 2591 668 2668 observare
701 2591 788 2668 licet
820 2597 950 2671 edam.

94 2720 199 2785 num,
224 2719 288 2771 eas
309 2695 364 2786 ito
381 2687 615 2768 ‘construdlas
645 2689 773 2780 suille,
806 2711 850 2766 ut
877 2695 948 2792 pri.

93 2820 194 2881 mum
225 2797 261 2871 in
290 2794 444 2869 redienti
479 2788 615 2890 populo
645 2793 774 2891 ingens
806 2806 951 2889 pateret

93 2921 197 2985 urea,
220 2819 327 2991 velut
357 2894 490 2967 atrium
521 2891 568 2964 ad
589 2887 755 2966 vidimus
787 2887 848 2962 seu
870 2912 950 2991 pre·

92 3019 153 3071 ces
175 2994 330 3070 Nurnini
356 2990 583 3066 offerendasr
608 3009 689 3069 turn
716 2985 870 3086 spatium
896 2994 952 3064 a'r.

93 3082 192 3171 dilus
228 3085 398 3208 nonnihil
438 3091 556 3168 coiret
604 3089 797 3187 (chorum
830 3086 951 3186 adpel-

842 3183 953 3291 lant)

169 3294 235 3376 (r)
253 3284 424 3383 Leuil.''fr6‚
644 3331 646 3334 -
680 3386 686 3397 .
748 3300 751 3305 ·
