2086 3682
99 120 170 227 sbi
217 64 220 69 Ι
313 68 478 228 Ιίίιχπιτ
510 105 591 198 III.
624 96 746 199 Raab
826 214 830 224 ¹

100 295 143 353 tu
168 271 328 371 cbr're'pti
351 272 390 346 dc
415 269 659 346 transversum
685 267 754 346 acri
779 291 854 345 non
875 290 959 346 mo·

96 374 179 448 dice
205 368 484 449 hallucinantur.
533 370 686 445 Minime
713 368 867 443 dubium
886 369 985 447 eise⁵

99 469 235 574 potest,
259 472 382 544 Deum
406 466 584 545 artificem
607 468 788 544 summum
807 468 956 545 ita-cot·

116 576 176 643 ‘us'
196 570 398 643 humanum
424 565 620 656 fabricasse,
644 589 688 641 ut
706 564 795 640 nihii
811 590 859 641 eo
878 590 956 669 pet-

96 590 227 745 femus
241 663 431 768 ipcstando
454 665 619 741 ordinem
634 658 924 766 &symmetrium
939 690 953 742 r

97 768 259 844 maxime
283 788 373 842 vtro
398 764 421 838 ii
446 764 672 840 habilitatem
697 786 777 839 eam
795 764 953 839 conside·

100 876 254 961 remur,
292 887 365 965 qua
395 886 522 940 omnes
554 865 715 964 corporis
747 882 872 961 partes
904 862 952 947 ad

98 980 225 1040 motus
251 962 410 1038 diversos
445 963 705 1062 ordinatosque
737 956 954 1062 expeditiffi·

96 1086 178 1165 mas
216 1062 401 1137 reddidit:
444 1062 586 1149 uerbo,
623 1083 755 1161 corpus
792 1056 954 1160 perftde

96 1161 352 1253 mechanicum
384 1158 598 1249 elaboravit.
667 1161 810 1234 Verum
842 1160 953 1249 utin

55 1320 61 1325 .
97 1260 177 1347 aliis
211 1261 381 1335 omnibus
412 1259 583 1359 operibus
614 1258 861 1346 mechanicis,
897 1259 951 1335 ita

96 1360 209 1436 etiarn
253 1357 291 1431 in
318 1359 393 1433 hoc
421 1380 516 1457 opus
553 1355 605 1434 est
636 1355 754 1433 caussa
783 1356 962 1458 quadam

95 1454 285 1575 principali
309 1480 353 1532 ac
377 1453 556 1532 effedrice
582 1453 793 1531 cumbarum
817 1457 950 1533 motio·

95 1580 188 1632 num
213 1554 386 1644 istarum,
420 1580 441 1629 a
466 1555 599 1655 quibus
636 1552 697 1631 vei
721 1555 881 1632 maxime
906 1576 954 1631 ac

95 1656 204 1729 unice
227 1656 306 1730 vita
331 1654 484 1753 pendetr
510 1656 624 1731 immo
648 1655 685 1728 in
711 1655 844 1754 quibus
863 1676 952 1729 con·

55 1808 58 1813 .
94 1746 190 1826 fistit.
240 1758 294 1826 At
317 1774 481 1851 quaenam
506 1750 595 1826 ista?
619 1752 777 1829 animam
796 1749 869 1827 eise
883 1753 950 1829 ho·

92 1850 203 1925 minis
227 1872 335 1925 nemo
360 1851 551 1925 hominum
575 1849 636 1938 est,
661 1852 725 1952 qui
746 1872 864 1951 neget·
882 1868 951 1927 aut

83 1954 224 2051 ‘negare
245 1945 363 2051 poffit.
414 1951 507 2026 Sunt
530 1970 664 2032 tamen,
690 1952 747 2024 uti
766 1951 947 2039 dicebam,

17 2120 18 2123 ,
92 2068 171 2124 non
194 2049 302 2147 pauci
328 2049 570 2136 Medicorum,
585 2051 695 2124 etiam
722 2051 787 2148 qui
813 2051 860 2126 de
874 2051 945 2125 bac

94 2146 243 2224 scientia
267 2146 434 2248 praeclare
459 2147 681 2246 scripserunt,
698 2149 761 2246 qui
785 2151 946 2223 animam

91 2246 243 2322 humani
286 2246 449 2344 corporis
497 2246 682 2337 dominam
720 2266 945 2321 venerantur

92 2347 240 2453 quidem
269 2362 445 2442 tanquam
477 2348 632 2445 ‘primam
665 2344 822 2419 caussam
852 2344 943 2444 spiri·

92 2445 245 2541 tuaicm,
270 2443 377 2544 eique
401 2444 578 2520 virtutem
602 2444 767 2518 tn'buunt
794 2467 943 2545 operan-

92 2534 139 2616 di·
156 2561 258 2641 certo
292 2543 453 2641 quodam
489 2546 616 2635 ordine
628 2589 641 2630 ,
671 2542 710 2617 δι
746 2543 943 2618 secundum

91 2642 211 2741 certas
235 2638 354 2742 leges,
387 2650 497 2740 quam
521 2646 697 2717 virtutem
721 2643 759 2715 in
782 2665 829 2718 eo
855 2640 945 2743 pob-

89 2760 168 2841 tarn
194 2737 450 2839 effecerunt,
477 2742 580 2841 quod
605 2765 664 2816 res
688 2738 847 2837 obiectas
873 2740 941 2817 seu·

86 2836 412 2921 suurn‘ministerio
438 2842 643 2940 percipere,
671 2842 941 2942 perceptiones·

89 2930 278 3038 qde³³istas
302 2938 526 3041 dijudicate,
562 2963 615 3014 ac·
636 2940 754 3014 varias
783 2936 941 3016 affectio-

88 3032 430 3137 ndr³inteliigendm
454 3035 628 3126 volendo,
654 3037 845 3137 fugiendo,
868 3058 940 3114 am·

87 3128 298 3269 pipclbndm
321 3134 394 3213 dic.
418 3156 533 3239 prout
553 3136 670 3233 lubet,
693 3140 856 3315 excitarlc
878 3158 939 3211 vr·

841 3252 933 3327 eat3
