2086 3682
132 160 215 250 142
440 124 567 247 Caput
608 122 658 218 V
651 126 685 218 I.

39 310 43 321 ’
158 294 288 371 iurima
312 286 556 385 accersuntua
588 284 591 293 '
626 284 725 366 Nam
761 286 887 365 ficibi
909 310 981 365 non

43 381 47 403 ¹
123 322 218 471 'fatis
240 392 410 467 dentibus
425 392 533 491 ¹prius
551 387 777 490 subigantur,
802 410 874 462 nec
899 412 979 462 cum

128 490 258 568 ¹debita
273 487 390 566 saliva
408 484 636 591 portionem
652 480 882 563 stomachum
902 489 981 562 mit·

127 588 282 678 dantur,
307 589 474 663 ordinata
489 582 636 760 diSestio
654 594 765 689 atque
799 584 924 663 divifio
945 588 983 659 in

127 702 185 767 'eo
200 688 278 764 iieri
293 688 432 788 nequit,
441 710 514 787 qua
549 684 716 785 eficiente
729 708 850 787 neque
862 684 983 759 succus

124 788 223 879 iiie,
253 786 316 886 qui
343 782 388 861 ad
412 784 582 861 aiendu'm
600 782 815 875 necessarius
832 784 900 872 est,
922 784 984 855 ha·

136 890 265 975 betur,
289 885 346 961 sed
368 905 489 985 partes
505 884 622 973 crudae
635 884 812 983 'fiecaeque
835 885 874 957 in
896 884 987 957 inte·

136 984 238 1063 ssinis
260 985 423 1072 haerent,
443 979 607 1060 efficiun't
632 1007 679 1058 ue
703 978 840 1069 flatus,
867 981 988 1056 tormi-

138 1108 202 1173 na,
218 1084 287 1158 dcc.
336 1086 448 1159 Porro
473 1082 611 1157 studiofi
641 1106 714 1157 ime
732 1082 842 1176 vitari
858 1082 991 1155 debent

140 1206 204 1270 ea,
231 1203 312 1280 quae
336 1180 476 1259 acidum
503 1203 547 1255 ut
574 1200 731 1273 vocant,
766 1180 926 1283 gignunt
949 1200 992 1252 ac

140 1284 323 1361 nutriunt.
374 1280 483 1356 Pestis
509 1284 588 1356 haec
612 1278 664 1356 est
686 1282 722 1355 in
738 1282 902 1355 humaim
917 1300 992 1352 eor·

170 1404 243 1456 ore.
292 1380 389 1455 Nam
414 1382 480 1454 ubi¹
504 1380 611 1456 semel
626 1380 850 1469 dominatur,
868 1397 992 1453 omnes

183 1504 223 1557 re
254 1478 354 1554 cibos
386 1479 423 1553 in
455 1481 612 1554 eundem
643 1478 764 1575 secum
805 1474 994 1555 acrem&

144 1578 348 1679 malignum
372 1579 566 1653 humorem
591 1577 786 1665 convertit,
802 1579 842 1651 ἃ
862 1572 985 1651 fodieii

98 1736 103 1747 ,
137 1680 196 1755 'do
221 1673 470 1751 membranam
485 1676 657 1752 stomachi
672 1676 784 1753 etiam
803 1676 904 1752 rodit
916 1696 996 1750 con-

75 1845 93 1859 ,
134 1778 254 1867 'tiano
271 1774 520 1851 membranam
539 1776 688 1864 cerebri,
704 1770 894 1853 ardiffime
908 1776 998 1875 prio-

138 1876 432 1965 'ri.c0nnexam·,
461 1892 576 1977 atque
605 1876 657 1951 ita
686 1888 908 1975 perpetuum
944 1894 997 1947 ca·

146 1974 234 2077 pitis
259 1972 424 2050 dolorem
449 1996 559 2053 creat.
631 1974 801 2075 Denique
828 1972 999 2051 'abstinen-

141 2074 238 2149 'dum
262 2097 284 2147 a
307 2073 396 2149 cibis
421 2072 533 2159 duris,
560 2092 626 2149 aut
648 2072 768 2150 multo
783 2071 853 2149 saie
878 2095 924 2146 ac
947 2066 1000 2144 fu·

137 2160 243 2263 fimo,
275 2172 364 2269 quin
386 2170 425 2246 ἀ
446 2171 613 2248 saccharo
635 2171 787 2248 infestis.
844 2172 1001 2247 Primum

147 2272 249 2369 'enim
272 2272 438 2365 ,emotum
464 2292 580 2372 genus
612 2272 763 2371 chyium
797 2270 836 2347 ἃ
867 2270 928 2345 ian
952 2268 1002 2343 ui·

138 2372 236 2445 ''nem
262 2358 425 2459 densum,
447 2364 643 2470 minusque
669 2370 845 2448 sincerum
935 2366 999 2455 cit3

145 2466 328 2571 'pdsterius
361 2464 467 2571 facile
485 2470 709 2571 ''corrumpit
740 2469 900 2569 liquidas
932 2464 998 2543 soii·

153 2570 291 2669 dasque
314 2584 455 2665 partae·
516 2570 664 2670 Qaippe
698 2568 797 2643 nulia
822 2590 906 2669 pars
930 2586 1002 2641 cor·

153 2671 254 2771 poris
280 2667 323 2738 ad
349 2667 595 2839 recijaiendum
627 2669 663 2743 in
694 2667 729 2743 se
757 2666 804 2742 sal
829 2666 880 2742 est
905 2662 1001 2741 desti·

155 2786 270 2855 nata,
308 2786 349 2837 ut
374 2770 411 2840 in
437 2790 467 2861 e·
484 2769 718 2841 commodum
743 2767 920 2865 accipiat,
952 2758 1003 2837 sed

155 2888 232 2943 una
257 2886 340 2939 cum
365 2862 443 2940 aliis
468 2868 538 2940 cibi
564 2882 745 2967 potusque
771 2864 934 2965 reliquiis
953 2860 1001 2937 ex'·

158 2968 257 3061 cemi
285 2963 393 3040 debet
422 2986 465 3039 ut
491 2958 625 3039 Medici
649 2967 878 3063 loquuntur:
915 2955 1002 3064 quod

160 3060 186 3139 i
212 3086 286 3138 non
308 3060 383 3151 fiat,
410 3067 574 3163 corporis
595 3086 715 3163 partes
736 3085 780 3136 ut
801 3064 877 3138 dixi
892 3080 1001 3164 aggre-

164 3164 264 3238 ditur
287 3181 399 3263 atque
433 3164 643 3264 corrumpit.
709 3160 895 3240 Ultimum
927 3175 1002 3331 νῗῐο

581 3272 586 3283 ’
787 3268 791 3275 ’
964 3272 1002 3331 ea
