2086 3682
97 144 191 247 rna
439 123 570 244 Capul
603 122 685 215 VI.

74 344 76 349 -
171 287 452 368 Fundamentum
479 282 526 361 X.
575 287 684 363 Follae
715 308 789 388 quo
811 287 960 373 latiores

96 417 141 470 ac
161 391 419 494 'profundiores
446 385 548 475 sunt,
576 412 621 462 eo
656 387 845 463 fortiorem
882 396 960 476 red·

89 495 193 567 ,dunt
213 489 476 574 munitionem,
515 486 699 587 longeque
730 489 812 562 sunt
829 490 961 590 praefe·

95 595 217 667 render
242 586 531 688 angustioribus,
558 606 625 661 aut
645 666 651 677 ,
669 586 859 663 latioribus
883 593 960 690 qui·

98 693 205 774 dem,
231 687 387 763 sednon
413 682 479 767 sat
488 683 690 784 profundis.
766 689 875 762 Ratio
897 713 958 788 pa·
982 702 991 751 -’

96 789 172 865 lam
201 785 274 875 eil,
312 808 428 884 quum
465 782 692 863 latitudo&
729 785 959 885 profunditas

95 885 267 965 foliarum
289 883 533 971 obsidentibus
561 906 702 957 moram
723 908 767 958 ac
792 885 957 963 laborent

94 1008 171 1061 non
202 1005 279 1063 tam
311 981 417 1058 facile
445 981 711 1082 superandum,
751 985 870 1059 donec
895 1010 957 1063 eas

94 1084 297 1184 impleant,
337 1081 629 1180 trajiciantque:
679 1079 822 1157 obleffis
865 1109 956 1162 vero

95 1184 273 1283 temporis
300 1180 445 1257 lucrum
467 1182 506 1255 δι
531 1179 677 1255 hostiles
698 1203 852 1258 conatus
878 1185 956 1259 elu-

94 1278 448 1459 gendioceafionem
469 1302 544 1357 non
568 1284 877 1359 contemnendam
904 1280 956 1361 af·

110 1399 247 1459 erant·-
344 1448 351 1460 ,

167 1554 445 1657 Fundnmentum
454 1554 522 1631 XI.
549 1554 656 1631 Foffae
674 1553 770 1630 ficcae
785 1554 868 1630 sunt
891 1582 952 1640 at»

19 1646 24 1663 ’
93 1648 290 1754 t'elerendae
315 1658 376 1744 iis,
401 1678 482 1754 quat
510 1678 606 1754 aqua
633 1655 846 1753 replentur,
878 1681 950 1733 ma·

59 1757 233 1857 loribus
273 1757 317 1829 in
340 1755 601 1841 munimentis,
632 1755 678 1826 ad
709 1757 867 1854 quorum
895 1779 951 1832 ex·

92 1855 359 1961 pugnationern
396 1853 535 1928 diutius
578 1851 815 1930 differendam
857 1878 948 1956 opus

92 1954 145 2032 est
167 1952 299 2027 crebris
326 1952 496 2028 adversus
526 1950 646 2028 holles
673 1954 948 2054 eruptionibus,

92 2076 184 2154 quas
212 2074 314 2153 aquae
341 2048 438 2126 foffis
469 2051 629 2128 immilsae
654 2053 853 2143 admodum
884 2055 948 2127 im·

90 2153 271 2255 pediunt,
310 2147 490 2242 obstruila
530 2173 613 2224 tum
647 2150 834 2252 egrelluris
867 2172 948 2227 tum
992 2190 994 2199 ·

90 2249 425 2328 reversurisvia«
468 2247 586 2322 Aliter
624 2249 743 2323 seres
775 2250 887 2325 habet
911 2252 949 2326 in
992 2270 994 2313 Ι

91 2349 243 2424 minoris
276 2344 401 2421 formae
430 2346 714 2434 munitionibus,
752 2349 947 2447 inquibus

91 2445 266 2522 violentis
290 2446 346 2520 his
367 2446 537 2532 remediis
558 2446 614 2518 uti
634 2468 708 2521 non
723 2444 821 2539 licet,
831 2473 946 2549 quum

25 2587 28 2592 ·
91 2543 321 2621 defensorum
336 2567 512 2625 numerus
533 2545 652 2617 minor
665 2545 845 2637 ejusmodi
862 2573 946 2625 cum
992 2572 994 2601 ¹

91 2642 196 2722 hoste
218 2639 426 2743 oongtellus
447 2665 491 2716 ac
508 2642 743 2719 velitationes
769 2669 844 2732 non
864 2671 945 2746 per·
992 2668 994 2673 ·

90 2745 243 2833 mittat,
276 2743 338 2816 ubi
371 2741 477 2840 proin
504 2739 599 2817 foilae
636 2741 732 2817 ficcae
760 2769 854 2844 aqua
879 2750 946 2823 im.

90 2842 200 2943 pletis
228 2841 361 2918 merito
392 2839 473 2915 sunt
500 2839 763 2941 posthabenda.
836 2844 948 2946 Opti·

91 2966 155 3018 ma
184 2938 235 3016 est
262 2938 485 3026 methodus,
518 2960 601 3037 quat
637 2942 747 3016 hodie
779 2944 946 3022 observa·

92 3060 183 3128 tur,
209 3037 272 3112 ubi
290 3038 448 3112 mediam
467 3035 564 3114 folla
579 3062 700 3114 aream
723 3063 823 3140 aquae
846 3045 947 3121 rivu-

79 3138 162 3219 lus·
186 3135 306 3221 secat,
338 3132 455 3223 Gallis
483 3133 632 3213 Cunette
658 3134 775 3215 dinus
787 3186 801 3231 ,
831 3140 945 3242 quisi

87 3268 90 3273 ·
121 3274 124 3279 ·
849 3265 944 3344 opus
