2086 3682
286 125 462 243 corporis
480 120 644 215 duranni.
664 157 684 210 ’.
858 150 914 240 75

63 287 171 367 sonor
201 290 382 388 excipiat,
422 307 670 389 exceptosque
702 287 920 456 perplures

64 386 248 464 anfractus
277 387 508 487 &ambages
532 386 671 485 semper
696 409 791 483 angu
824 389 920 463 iores
988 415 998 435 ··

64 490 111 565 ad
138 488 289 577 interius
315 488 411 563 auris
436 484 611 562 conclave
638 485 817 558 admittat.
847 488 918 563 ubi

62 588 102 668 in
123 582 287 661 concham
308 586 458 674 definit,
484 585 635 659 interior
657 586 754 658 auris
778 586 921 684 incipit,
950 620 958 629 ··

65 684 170 779 cujus
197 687 336 758 aditum
357 686 484 780 pandit
497 698 629 757 attentus
643 684 836 774 ncusticus:
855 708 918 781 po·

63 782 187 871 stiram
222 784 330 879 hujus
362 807 501 883 partem
528 804 686 881 occupat
716 797 919 884 tympanum

63 882 125 960 leu
159 882 314 965 circulus¹
341 882 458 959 oileus
495 879 714 957 subtiliffima
749 880 850 958 srmul
880 884 919 963 δε

62 976 257 1058 firmiflima
282 983 491 1059 membrana
514 982 713 1068 obductus,
752 983 803 1055 ita
826 1006 918 1057 nun.

62 1103 221 1178 cupatus
247 1082 294 1155 ob
318 1082 481 1181 tympani
506 1081 637 1165 bellici,
656 1104 768 1181 quarn
791 1080 917 1169 refert,

62 1178 230 1279 figuram.
274 1182 428 1255 Provida
442 1200 572 1257 natura
588 1180 637 1253 illi
656 1200 815 1280 quatuor
830 1206 916 1280 qua·

64 1277 283 1353 srcustodias
311 1281 471 1367 addidit,
495 1282 650 1357 totidem
673 1304 806 1379 nempe
835 1276 916 1354 offi-

63 1376 158 1468 ¹cula,
174 1403 333 1478 quorum
350 1382 508 1479 primum
526 1377 808 1465 incenderem
828 1378 917 1453 mol-

63 1473 152 1564 leus',
170 1484 288 1581 stapes
314 1482 478 1567 tertium,
504 1498 675 1579 quartum
699 1476 833 1577 stapedi
853 1477 916 1552 ad.

62 1576 203 1653 harene
226 1600 262 1650 os
279 1572 477 1653 orbiculare
496 1577 708 1678 adpellatur.
761 1574 917 1651 Colum·

63 1674 134 1749 bus
157 1676 245 1749 dum
276 1678 372 1751 auris
396 1672 607 1755 struQuram
634 1676 818 1752 examinat
831 1723 843 1763 ,
878 1678 918 1753 iu

61 1771 154 1849 fabri
186 1774 319 1851 ferrarii
346 1768 744 1876 officinamdelapsum
779 1765 813 1850 se
839 1799 916 1857 cre-

24 1912 28 1921 ·
62 1871 187 1947 didiffe
212 1874 388 1960 videtur,
421 1900 536 1972 quum
569 1877 741 1949 incudem
769 1878 864 1951 itanc
893 1900 915 1951 a

61 1967 196 2046 malleo
221 1971 325 2041 tundi
353 1966 509 2053 scribat,
549 1976 693 2065 quoties
717 1994 815 2047 nova
841 1996 916 2049 vox

63 2090 129 2145 nut
157 2066 262 2143 sonus
289 2068 508 2167 Steropisdt
528 2068 673 2150 Brontis
691 2068 790 2141 vices
804 2093 916 2169 agens

62 2192 109 2245 eo
124 2162 349 2267 perveniret:
378 2166 441 2261 sed
463 2164 591 2267 melior
606 2186 776 2265 anatome
792 2170 919 2269 depre-

63 2268 220 2354 hendit,
248 2262 396 2340 ollicula
420 2266 499 2345 haec
524 2257 755 2367 firmissinter
778 2266 812 2341 se
838 2268 918 2343 vin.

64 2365 157 2441 culis
183 2364 248 2439 seu
278 2364 441 2440 articulis
464 2365 660 2465 cohaerere.
729 2364 917 2443 Willlfius

65 2464 138 2539 hoc
178 2467 230 2539 eis
262 2488 396 2539 munus
436 2462 622 2565 adfignat,
666 2485 710 2541 ut
760 2488 915 2543 externo

64 2560 152 2654 scano
176 2562 345 2661 perculsa¹
368 2566 534 2666 tympani
565 2565 814 2641 membranam
839 2590 918 2644 mo·

64 2664 113 2743 do
151 2660 342 2739 tensiorem
382 2662 494 2741 modo
526 2659 700 2738 laxiorem
732 2660 923 2755 efficiant,

66 2784 143 2837 non
166 2762 266 2841 seem
301 2774 348 2836 ac·
375 2760 474 2837 oculi
506 2758 643 2858 pupilla
675 2786 741 2860 pro
779 2758 922 2839 diverso

64 2858 157 2946 lucis
181 2852 305 2959 illapsu
329 2862 403 2953 jam
424 2858 617 2948 dilatatur,
654 2861 727 2953 jam
751 2858 922 2949 constrin-

65 2962 194 3059 gitur,
228 2960 287 3031 cui
311 2959 472 3059 opinioni
497 2961 719 3059 experientia
752 2960 919 3062 suffraga-

64 3078 125 3136 tur
150 3059 189 3135 in
214 3058 395 3133 nonnullis
422 3056 629 3147 surdastris,
660 3057 723 3156 qui
749 3061 798 3135 ob
825 3059 920 3141 laxa·

64 3175 143 3237 tam
169 3160 335 3265 tympani
347 3156 843 3272 membmnam.loqucntium
854 3185 918 3237 vo

858 3284 920 3341 008
