2086 3682
202 68 778 245 morinummontem.
854 144 939 250 187

87 295 191 370 ducit
231 297 275 368 ad
310 292 497 369 sanitatem
538 294 802 393 ghebotomiaa
836 297 941 389 cujus

86 397 140 469 rei
167 396 258 467 ratio
287 395 322 466 in
351 413 524 492 promptu
551 391 611 466 eil.
683 396 831 494 Quippe
866 394 941 468 san·

89 497 171 594 guis
190 516 311 592 ¹quum
332 508 406 566 non
430 494 595 569 inveniat
620 489 701 567 satis
723 492 885 590 amplum
906 491 942 567 se
1036 545 1039 550 -

87 594 354 692 circumagendi
394 591 573 693 spatium,
608 591 668 665 nifi
710 592 941 666 subtrahatur

86 696 209 791 portio
233 693 419 790 quadarn,
449 695 603 764 nimium
626 691 842 766 addensatur
856 737 870 778 ‚
898 713 944 765 ac

88 792 128 865 vi
152 793 309 889 quadam
333 791 370 865 in
393 787 546 865 venulas
570 791 608 864 &
631 790 838 877 'arteriolas‚
862 810 944 887 quae
985 782 992 795 '

87 891 251 990 undique
276 891 312 977 in
339 911 460 991 partes
487 888 630 975 vitales,
653 891 777 988 hepar,
800 886 947 988 pulmo·

86 1011 180 1075 nes,
213 989 487 1077 ventriculum,
520 989 674 1076 lienem,
702 988 774 1063 dte.
807 988 947 1087 dispen-

89 1088 229 1173 santur,
258 1087 327 1163 sese
350 1108 526 1164 exonerat
550 1107 662 1187 atque
688 1087 869 1173 intrudit,
905 1082 944 1159 dt

89 1211 204 1286 quum
228 1190 430 1289 retrogredi
456 1198 615 1287 nequeat
639 1187 688 1263 ob
703 1211 816 1262 venas
834 1185 873 1260 dt
891 1209 946 1257 ar·

88 1289 199 1389 terias
225 1289 381 1382 majores
406 1288 479 1381 jam
504 1285 687 1387 impletas,
710 1308 815 1361 motu
843 1281 945 1358 desti-
991 1369 994 1375 1

90 1404 195 1459 tutus
220 1385 414 1461 necessario
439 1384 892 1485 computrescereincipit‚
908 1382 961 1473 &-

89 1506 211 1585 partes
245 1509 393 1585 quoque
417 1484 547 1560 vitales
579 1483 697 1558 inficit
729 1504 843 1581 atque
869 1504 947 1555 cor·
983 1528 985 1535 .

89 1584 239 1682 rumpit.
291 1586 326 1657 Si
350 1606 440 1659 vero
466 1574 548 1659 vasa
575 1581 642 1656 fint
665 1583 810 1669 latiora,
837 1579 946 1679 pluri·

88 1705 192 1756 mum
227 1696 339 1759 nocet
364 1680 647 1784 phlebotomia.=
704 1683 801 1754 Nam
829 1702 948 1778 quum

89 1778 149 1854 san
176 1780 234 1853 uis
249 1785 371 1858 'rarior
394 1782 452 1872 fit,
476 1785 613 1880 vixque
638 1779 832 1882 implendis
853 1777 949 1853 vasis

89 1877 128 1948 su
171 1877 260 1961 aiat,
293 1885 339 1951 e'o
370 1880 495 1953 emisso
531 1880 731 1952 succedunt
762 1882 798 1953 in
823 1878 948 1954 locum

90 1976 268 2049 humores
291 1971 364 2058 alii,
382 1974 445 2072 qui
471 1974 703 2073 sanguineam
730 1974 876 2047 massam
897 1978 948 2047 di·

88 2073 226 2150 didunt
247 2073 266 2164 (
279 2070 418 2147 constat
440 2073 537 2146 enim
562 2072 671 2145 metis
696 2070 885 2170 globulis)
910 2074 950 2148 dt

90 2171 242 2250 divisam
268 2172 467 2247 acrimonia
499 2171 558 2244 soa
584 2172 872 2271 aggrediuntur,
905 2194 950 2246 ac

91 2272 196 2346 brevi
235 2286 402 2371 ternpore
441 2269 630 2346 destruunt
668 2289 780 2370 atque
823 2269 950 2345 consu·

88 2390 226 2458 munt,
262 2395 339 2472 quo
369 2369 511 2446 sublato
538 2370 624 2445 vita
652 2365 759 2446 fonte
785 2371 949 2471 eorporis
988 2451 993 2457 ,

88 2470 261 2555 machina
286 2469 419 2549 fatiscit
440 2467 714 2546 &dissolvitur
