2086 3682
106 116 193 238 364
417 115 544 235 Cipus
582 114 679 208 buz

106 283 292 369 verritur,
329 274 447 383 ibique
470 277 646 378 renoftens
664 293 780 382 gyrat
804 270 872 380 per
896 300 966 355 me·

106 381 260 469 ridiem,
298 377 345 457 ss
368 378 534 473 striiitur
572 379 621 454 nd
644 378 881 483 Aquilonem,
913 380 962 457 I·

93 482 216 579 strons
238 478 403 573 universo
434 481 488 552 in·
502 481 680 568 circuitu,
699 480 828 580 pergit
851 477 963 579 spiri·

105 598 162 659 tus
181 579 228 658 θ’
253 575 465 655 incirculos
492 576 575 669 firos
594 580 806 653 revertitur.
866 580 962 655 Hinc

104 678 310 761 Astronomi
343 677 389 751 ab
414 678 584 753 omnibus
609 692 709 753 retro
744 674 872 752 seculis
911 676 986 752 usi'

102 782 253 856 suerunt
278 775 523 875 instrumentis
548 779 706 851 rotunda
736 775 851 876 figura
875 800 961 877 pre·

103 882 214 965 ditis,
248 876 379 975 quibus
404 875 563 951 ‘fiderum
590 877 821 950 altitudinem
848 875 881 948 dr
906 876 958 950 di·

7 1012 10 1023 ·
103 980 268 1056 stantiam
293 998 421 1050 eorum
446 976 543 1049 inter
574 975 608 1051 se
631 979 873 1062 metirentur,
908 977 958 1049 in·

102 1082 211 1193 genio
237 1074 375 1173 semper
398 1072 640 1172 respondente
668 1073 836 1161 successu,
857 1073 959 1172 quod

100 1184 181 1251 sane
213 1199 288 1248 non
319 1176 631 1267 contemnendum
668 1175 845 1275 sphaerieae
881 1186 957 1248 coe·

98 1278 219 1352 lorum
245 1272 368 1374 figurae
394 1272 445 1348 est
471 1292 742 1375 argumentum.
982 1276 985 1281 ’

175 1456 232 1528 De
253 1449 337 1527 coesi
354 1451 452 1528 mole
473 1452 561 1552 quid
585 1453 728 1528 dicam?
756 1452 860 1546 cuius
881 1474 956 1527 ma·

97 1558 189 1629 teria
208 1572 280 1653 qua
301 1551 481 1652 repletur,
498 1552 543 1626 ad
558 1548 749 1627 vastiffima
765 1551 876 1651 spatia
888 1553 955 1627 hu·

95 1676 246 1727 manum
283 1670 432 1749 captum
472 1650 675 1747 superantia
722 1651 953 1750 expanditur.

98 1750 221 1827 Furor
243 1751 310 1842 est,
339 1751 459 1847 inquit
476 1749 636 1836 Plinius,
666 1749 862 1842 menfiorom
879 1746 952 1852 ejus

92 1854 212 1926 animo
229 1840 392 1951 quosdam
418 1850 561 1942 agitare
583 1842 701 1948 atque'
711 1844 862 1946 prodere
891 1842 951 1927 ei·

82 1948 156 2047 stis.
228 1951 371 2021 Verum
396 1946 485 2022 licet
516 1947 634 2022 sensus
662 1948 802 2023 nostros
825 1946 950 2023 fidem..
978 1993 982 2001 ·

93 2074 166 2149 que
188 2047 331 2148 superet
352 2047 432 2144 ejus
459 2047 688 2147 amplitudo,
718 2051 813 2121 intra
836 2070 948 2145 quam

92 2152 331 2223 continentur
350 2166 576 2245 tortamque
599 2170 755 2244 magna,
782 2166 825 2219 ut
845 2146 949 2231 vide,-

91 2249 227 2334 bimnr,
250 2245 361 2319 roera
385 2244 560 2316 diversem
578 2266 732 2341 eamque
747 2246 946 2320 maximam

90 2371 113 2420 a
132 2345 237 2421 terris
262 2341 465 2415 distantiam
486 2338 601 2433 naria,
622 2343 798 2417 rationem
821 2363 945 2421 tamen

90 2467 164 2520 non
192 2442 345 2516 excedit
423 2443 517 2513 Nam
552 2440 572 2512 fi
610 2440 745 2515 coesum
775 2441 944 2542 sphaerica

87 2542 280 2642 praeditum
310 2539 426 2642 figura
450 2539 720 2638 concipiamus,
752 2566 866 2640 quum
893 2542 942 2617 sa·

88 2642 136 2716 tis
159 2642 332 2714 concordi
365 2639 538 2735 temporis
569 2638 677 2731 hujus
706 2640 942 2716 Astronomo·

87 2763 170 2815 tum
199 2737 361 2827 calculo,
385 2739 447 2837 cui·
467 2734 637 2835 refragari
657 2739 721 2811 vix
742 2739 855 2827 licet,
886 2763 941 2815 ta·

87 2841 169 2913 dius
188 2837 276 2913 coeli'
286 2837 332 2911 ad
353 2852 457 2909 terrae
473 2837 615 2909 radium
639 2836 679 2910 fit
696 2857 740 2911 ut
759 2860 941 2915 1000000.

89 2940 134 3013 ad
159 2962 189 3012 1.
213 2938 424 3038 sphaeraque
450 2932 516 3006 s1nt
538 2936 574 3008 in
593 2935 774 3034 triplicata
796 2939 940 3021 ratione

86 3036 232 3112 suorum
261 3034 550 3125 diametrorum,
571 3035 686 3110 moles
698 3033 807 3206 dglobi
829 3054 938 3111 terre-

5 3156 9 3167 ’
87 3131 409 3215 strisadcoelestem
422 3131 559 3209 nonnis
576 3153 697 3211 urna
735 3157 937 3222 1000,000,

839 3279 933 3360 ooo,
