2084 3698
103 80 112 99 .
158 158 453 276 maſsmanno
469 152 788 272 conservandam..
859 171 941 271 185

86 349 173 405 tum
206 345 252 400 ut
280 324 357 418 ejus
383 322 492 396 maiia
524 319 583 395 seu
614 326 798 418 quantitas
830 345 945 399 vena·

87 425 235 507 tum‘&
259 425 471 500 arteriarum
504 418 593 494 vafis
628 421 673 493 ad
706 423 942 501 transvehen-

87 527 181 605 dum
206 521 388 599 destinatis
420 519 545 596 fitrite
574 516 752 599 admensa.
868 578 873 591 i

424 700 624 779 XXXVII.

161 819 288 899 Nolim
312 844 463 921 egomt
487 822 582 897 inter
602 836 723 920 partes
746 818 944 922 litigantet,

88 920 131 999 dt
163 923 312 1094 fluidum
349 924 386 994 in
426 944 465 996 re
497 939 573 995 tam
612 921 752 1010 ardua,
784 922 945 1016 judicem

89 1022 161 1097 c'on
194 1022 330 1111 ituerea
356 1018 446 1093 iliud
472 1020 561 1092 mibi
588 1019 735 1093 videtur
761 1022 945 1097 verofimi·

88 1119 161 1197 lius
184 1119 275 1205 esic,
298 1120 398 1218 quod
424 1120 489 1205 iis,
515 1119 649 1217 quibus
675 1117 820 1216 copiosa
843 1121 943 1197 domi

88 1242 213 1322 ponus·
233 1217 284 1295 est
307 1216 506 1318 sanguinis,
539 1216 788 1316 phlebotomia
812 1220 944 1297 debitis

90 1341 178 1393 cum
202 1314 354 1393 cautelis
379 1316 544 1393 instituta
570 1316 769 1391 admodum
794 1317 836 1392 fit
855 1317 944 1395 saiu-

89 1421 191 1503 taris,
217 1420 437 1517 quandoque
462 1417 575 1491 etiam
600 1414 802 1493 necessaria.
846 1421 945 1495 Nam

90 1514 115 1591 fi
141 1515 209 1591 alia
232 1518 355 1592 omnia
386 1514 570 1603 moisem,
603 1540 624 1589 a
648 1536 779 1592 natura
810 1516 945 1597 discere

90 1616 285 1703 debemus,
316 1615 403 1715 quid
428 1637 492 1714 per
517 1634 632 1691 artem
658 1614 865 1690 faciendum
892 1617 944 1693 iit.

91 1714 206 1791 Certo
245 1735 384 1791 natutae
422 1712 638 1799 beneficium
681 1710 751 1790 esse
785 1715 945 1816 agnosci·

89 1836 174 1888 mua
213 1815 249 1887 in
281 1812 433 1906 multis,
464 1815 527 1914 qui
561 1836 740 1892 non.raro
773 1838 944 1918 magnam

90 1912 205 1986 etiam
256 1908 405 1983 urissimi
430 1911 609 2009 sanguinis
631 1916 772 2006 copiam
803 1938 825 1988 e
852 1918 944 1991 nati·

90 2010 160 2083 bus
186 1934 381 2081 eflft‘mdum
395 2029 409 2099 3
452 2007 554 2082 item.
569 2008 631 2106 qui
657 2005 865 2108 sanguinem
891 2015 944 2087 in·

90 2103 229 2184 festum
263 2126 374 2204 atque
412 2103 597 2204 impurum
635 2127 700 2204 per
732 2129 844 2183 venas
881 2103 944 2186 ba·

90 2200 344 2283 morrhoidnles
368 2207 567 2285 emittunt,
602 2204 675 2302 ipia
708 2225 837 2280 natura
866 2234 944 2301 eo,

91 2307 196 2405 quod
227 2305 379 2379 nimium
411 2303 471 2379 vel
505 2306 656 2379 noxium
691 2300 764 2391 est,
802 2308 947 2405 quaefita

92 2428 205 2504 opera
229 2402 298 2480 sese
323 2424 570 2489 exonerante3
605 2404 705 2502 quod
728 2400 753 2477 fi
776 2427 850 2479 non
883 2406 946 2484 fie-

91 2525 176 2591 ret,
236 2498 502 2578 rav'iffimorum
534 2503 746 2599 morborum
787 2504 825 2579 dt
860 2507 947 2583 vitae

92 2604 170 2703 peri
236 2604 265 2676 's
288 2603 469 2688 eiusmodi
495 2603 662 2677 homines
688 2601 810 2677 forent
836 2629 949 2703 expo·

93 2699 167 2789 fiti,
191 2702 503 2800 'quemadmodum
536 2725 610 2776 non
634 2701 759 2800 paucis
784 2706 948 2793 accidit,

94 2801 192 2895 apud
219 2822 314 2898 quos
338 2799 534 2902 improviso
558 2798 636 2875 fato
662 2798 820 2876 sublatos
853 2799 950 2881 fa&

93 2921 293 2998 corporum
318 2902 502 2975 anatomia
536 2920 600 2975 aut
623 2920 739 2999 ruptae
771 2922 846 2998 ptoe
877 2900 951 2979 san·

92 2998 213 3099 guinis
243 2998 463 3083 abundantia
487 3022 603 3086 vena,
627 3018 692 3073 aut
717 2999 880 3093 eiusdem
926 3003 954 3077 i·

93 3120 161 3200 gro
188 3093 289 3173 fluxu
315 3097 452 3175 furtive
476 3099 553 3173 nati
577 3096 701 3199 polypi
719 3098 869 3177 fuerunt
888 3025 952 3177 Xo-

899 3219 953 3276 te·

485 3293 570 3392 Mt
