2086 3682
364 153 622 274 Astronomio.
854 168 938 280 461

85 344 176 403 men
214 321 330 400 studio
372 344 534 400 cometas
572 326 708 398 docent
741 322 810 400 esse
854 326 946 405 astra

87 424 230 503 mundo
258 447 413 514 coaeva,
443 426 620 523 nobisque
645 425 693 499 ob
716 428 944 517 maximum,

88 546 166 627 quo
200 523 333 599 distant
372 548 394 599 a
434 542 560 611 terra,
597 522 831 599 intervallum
870 549 949 603 non

89 622 313 722 conspicua,
353 616 415 698 nifi
447 624 595 723 quando
625 626 663 696 in
687 644 792 721 parte
819 624 947 701 circuli

88 721 144 799 sui
169 718 341 799 inferiore
372 722 572 798 versantur.
637 722 810 797 Bernullii
840 722 947 822 syste-

91 848 178 911 ma,
205 824 306 922 quod
330 820 495 896 referunt
518 820 610 896 ntra
635 821 844 992 Lppsrenfia,
870 828 949 923 (g)

81 922 305 1017 hujusmodi
332 921 414 995 est:
469 946 498 996 1.
525 920 635 997 Circa
679 922 775 997 olem
808 924 846 995 in
872 946 952 995 rna-

93 1023 195 1097 xima
219 1020 318 1096 ultra
351 1024 548 1095 Saturnum
582 1019 747 1097 distantia
776 1040 952 1097 movetur

92 1120 267 1221 planeta,
302 1120 366 1219 qui
397 1139 476 1193 tum
509 1120 558 1193 ob
586 1123 748 1219 corporis
772 1122 954 1222 exiguita-

95 1240 193 1309 tem,
221 1241 302 1293 tum
328 1220 376 1294 ob
400 1218 549 1292 nimiam
578 1216 780 1295 distantiam
805 1220 956 1319 conspe-

95 1318 171 1395 nui
192 1319 314 1395 nostro
341 1320 555 1417 neutiquam
585 1316 619 1392 se
645 1319 839 1420 indulgete
876 1343 956 1394 mo·

97 1435 180 1495 tum
203 1443 296 1494 vero
322 1414 427 1491 suurn
451 1421 547 1492 intra
569 1440 729 1517 quatuor
751 1442 954 1507 annorum,

96 1518 136 1597 ἂ
160 1539 312 1594 centurn
347 1542 391 1592 ac
415 1518 681 1617 quinquaginta
714 1516 850 1616 septem
881 1520 955 1594 die·

92 1640 178 1695 rum
210 1612 367 1735 spatium
397 1614 561 1691 absolvit.
639 1640 675 1693 2.
709 1618 821 1694 Circa
851 1616 954 1693 hunc

97 1716 313 1795 invisibilem
338 1714 523 1814 planetam
557 1738 627 1791 ceu
651 1718 852 1816 principem
878 1741 958 1792 mo·

98 1834 237 1895 ventur
268 1815 423 1916 planetae
465 1815 641 1900 comites,
675 1818 738 1915 qui
771 1817 959 1892 interdum

126 1938 167 1993 ro
193 1917 251 1991 ius
284 1916 333 2006 ad
357 1933 492 1987 terram
519 1918 716 1999 accedunt,
747 1914 846 1988 &in
872 1922 960 1990 con'·

98 1938 161 2119 spe
224 2036 262 2088 m
288 2010 452 2087 nostrum
476 2012 681 2109 prodeunt,
699 2030 738 2084 at
764 2031 811 2087 ue
838 2012 876 2085 hi
900 2038 961 2086 co·

98 2134 210 2191 metat
236 2114 420 2187 dicuntur.
494 2108 548 2182 Ex
572 2108 629 2182 his
653 2132 717 2209 vg.
739 2037 844 2182 (iilum
858 2158 869 2195 ,
897 2106 962 2209 qui

100 2222 329 2299 ann01681.
357 2210 575 2311 comparuit,
602 2228 747 2281 motum
775 2206 963 2285 absolvere

101 2314 298 2391 contendit
320 2312 423 2384 annis
448 2304 531 2383 otro
559 2305 663 2409 supra
693 2308 862 2408 triginta,
889 2309 964 2381 die·

101 2414 174 2487 bus
201 2425 352 2485 centum
376 2407 681 2507 &quadraginta
709 2406 873 2507 septem,
911 2408 965 2483 ita

91 2532 150 2587 ort
176 2534 273 2586 anno
306 2530 410 2603 1719.
438 2506 621 2606 completa
672 2509 797 2582 eriodo
824 2507 883 2581 sua
900 2530 967 2583 no-

104 2610 184 2687 stris
223 2608 406 2685 se'ocuiis
442 2606 583 2679 rursum
641 2606 743 2682 rstere
779 2608 968 2682 debuisset

108 2706 152 2807 3.'
180 2708 250 2783 Hae
280 2727 507 2781 cometarum
542 2700 668 2779 orbitae
705 2725 779 2783 non
813 2706 895 2779 sunt
930 2706 972 2781 in

106 2810 242 2887 eodem
270 2830 355 2881 cum
381 2804 551 2905 ecliptica
588 2804 697 2903 plano
714 2853 726 2892 ‚
762 2828 831 2878 nec
866 2812 972 2903 aeqna

50 2942 57 2949 ·
87 2906 216 2983 -lance
241 2927 371 2981 omnes
397 2908 442 2978 ad
467 2905 565 2976 iliam
591 2906 820 2977 rnclinantur.
869 2896 971 2975 Hinc'

108 3029 260 3107 quoque
286 3022 410 3077 motus
436 3023 664 3078 cometarum
691 3003 795 3077 exlex
821 3000 884 3089 est,
900 3006 971 3075 neci

112 3126 234 3183 certas
256 3102 425 3179 observat
447 3102 604 3201 regulas.
668 3123 703 3201 4.
731 3101 791 3176 Sol
815 3101 969 3272 circupnj¹

251 3222 254 3227 .
925 3216 974 3272 w

190 3296 258 3383 (g)
279 3292 334 3365 Aa
352 3292 569 3371 annum1682.
