2086 3682
75 106 79 111 ’
152 132 165 163 ““
223 173 349 294 capu
376 171 434 263 >t
470 171 610 263 ertio
624 170 786 264 marca.
857 184 944 288 233

86 335 257 419 „scientiae
299 339 390 413 adeo
422 335 620 411 necessarie
652 337 870 429 candidatis⁸
896 335 959 412 seu

101 432 267 511 facienda
306 434 366 511 seu
403 432 562 521 vitanda¹
593 434 699 523 suut,
736 435 773 529 bt
803 436 952 531 quidem

101 534 259 632 ipsorum
283 535 354 611 hac
378 534 510 611 inacte
533 532 783 634 Magisttorum
799 535 952 637 &grau-

102 633 205 707 dium
244 635 490 710 Machaouum
521 633 668 727 iudicio.
741 632 838 713 luter
874 636 952 709 baec

88 729 216 807 ‚facile
232 734 389 833 primum
415 730 481 816 est,
508 751 552 805 ut
576 730 779 832 intelligant
797 731 867 820 illi,
890 735 954 828 qui

102 829 259 905 studium
282 832 376 925 hoc,
401 831 439 905 &
462 828 682 912 Facultatem
695 879 709 918 ,
735 849 779 902 ut
800 829 952 923 loquun-

100 950 163 1003 tut
186 932 402 1018 Academiae,
426 927 587 1029 profiteri
612 929 757 1017 volunt,
771 927 953 1005 ac'AEscu·

85 1024 198 1128 lupio
231 1030 492 1104 sacramentum
532 1028 688 1116 dicunt,
725 1048 769 1101 ut
800 1030 951 1127 inquam

101 1125 326 1226 intelligant,
347 1127 383 1202 ὅ(
408 1129 618 1227 priusquam
643 1127 799 1227 primum
821 1127 952 1226 pedem

63 1230 68 1239 ’
100 1226 140 1300 in
166 1224 289 1303 limine
322 1225 458 1326 figant,
502 1226 613 1325 probe
645 1225 765 1303 secum
802 1250 953 1327 perpen-

61 1352 64 1357 ’
102 1323 223 1411 daut,
257 1327 385 1426 quanti
410 1325 588 1400 momenti
611 1325 806 1424 negotium.
827 1348 954 1425 aggre-

101 1423 275 1510 diantur,
304 1441 557 1525 quantumque
585 1447 678 1498 onus
698 1423 859 1498 humeris
883 1423 954 1498 suis

101 1522 304 1622 imponant.
352 1518 640 1597 Pretiosrffimum
665 1521 872 1596 thesaurum
899 1521 950 1595 su·

101 1644 195 1708 um,
228 1619 372 1697 scilicet¹
396 1619 582 1695 sanitatem
626 1621 664 1696 δι
707 1622 822 1695 vitam
859 1643 953 1721 teger

102 1722 303 1795 committit
339 1721 516 1811 Meditor
554 1721 615 1819 bic
646 1719 670 1794 ri
702 1736 823 1808 erret,
857 1738 961 1794 errat·

101 1819 236 1894 damno
260 1819 508 1918 irreparabili,
532 1819 565 1893 ἃ
591 1839 691 1921 errat
712 1818 861 1897 ulterius
887 1819 952 1895 im·

101 1917 245 2020 peusis,
279 1918 339 1990 cui
373 1918 411 1990 ἃ
443 1918 479 1989 in
502 1939 571 1989 aere
606 1920 644 1992 ὃ(
668 1920 706 1989 in
732 1939 818 1992 cute
847 1918 953 1993 luen·
986 1944 990 1953 ·

102 2019 191 2091 dum
220 2014 281 2090 est.
349 2013 496 2114 Quippe
523 2008 546 2083 si
572 2014 737 2087 Medicus
763 2014 823 2088 vel
850 2015 953 2113 igno-

101 2116 234 2202 tantia,
259 2112 319 2189 vel
343 2113 481 2188 incuria
507 2133 727 2212 quemquam
754 2112 959 2203 occiderit,

102 2239 179 2314 qua
220 2216 383 2289 ratione¹
413 2212 587 2287 damnum
633 2211 706 2285 hoc
745 2210 954 2289 resarciet?

103 2314 218 2408 Qrod
258 2312 302 2386 ab
334 2334 410 2386 uno
448 2307 640 2410 Theolo'g'o
676 2329 836 2386 erratum
874 2308 957 2405 est,

104 2410 299 2511 corrigitur
323 2413 369 2486 ab
395 2408 537 2486 altero:
574 2408 596 2483 st
623 2434 643 2484 a
666 2408 953 2510 Juristonsulto,
1024 2432 1026 2436 ·

102 2510 322 2605 succurritur
353 2510 524 2608 aequitate
555 2502 704 2600 judicis,
744 2508 785 2582 ἃ·
816 2511 954 2599 restitit·

102 2602 201 2686 titire
228 2611 268 2683 in
291 2611 497 2710 integrum,
523 2626 568 2679 ut
590 2604 794 2705 loquimur:
820 2627 859 2681 at
884 2606 955 2682 sta

102 2710 268 2803 Medico,¹
289 2707 370 2806 quis
395 2705 600 2781 medebitur
625 2704 743 2789 malo,
769 2728 814 2779 ac
836 2706 954 2780 vitam

103 2827 254 2883 mortuo
284 2804 485 2880 restituet?
530 2823 754 2904 quapropter
794 2800 954 2880 deleiiut

102 2906 293 2982 habendus
318 2906 399 2990 erit,
416 2901 615 3002 proculque
641 2900 786 2975 arcendi
811 2902 955 3004 abady·

103 3006 153 3080 tis
178 3004 382 3089 Medicinae,
408 3003 471 3101 qui
497 3024 570 3076 non
594 3020 680 3099 apto
705 3000 955 3099 ingenium·
1035 3012 1037 3017 '

97 3129 178 3279 qut
202 3100 404 3188 sedulitate,
422 3099 628 3201 prudentia,
643 3121 687 3173 ac
711 3119 856 3174 morum
872 3123 951 3203 pro·

128 3222 218 3279 rtate
245 3201 396 3302 pollent.
447 3199 561 3274 Certe
575 3197 697 3271 mirari
711 3197 834 3299 potius
848 3221 955 3301 opor·

482 3297 547 3390 1³5
583 3316 592 3325 ”
857 3372 865 3401 ι,
900 3315 952 3376 te·
