2086 3682
93 118 175 215 186
265 104 412 224 ''Cupat
451 76 554 194 VII.
580 98 828 224 Adjumentd

85 275 192 353 redii.
261 271 371 345 Unde
403 268 649 369 Hippocrates
686 274 763 361 (r)
797 265 946 343 allerer'e

91 398 164 451 non
193 372 356 456 dubitat,
389 367 477 467 saepe
506 365 674 442 homines
699 370 812 441 etiam
837 367 946 443 maxi·

90 498 151 551 me
178 470 310 556 sanos,
348 478 504 566 'vegetos
530 466 568 541 dr
593 464 706 540 fortes
731 490 777 540 eo
802 471 946 568 propin·

27 600 31 607 ¹
92 574 239 673 quiores
266 566 336 643 elle
361 565 463 661 fato,
498 590 571 665 quo
598 568 713 665 magis
751 568 797 639 ab
822 591 868 642 eo
894 592 947 640 re·

91 658 215 747 mot'os
238 666 279 751 se,
297 663 502 749 credunr‚s1
523 688 598 739 non
624 667 660 738 in
685 686 857 766 tempore
874 690 945 739 ma·
972 746 977 753 ,

92 772 131 847 lo
150 766 286 843 latenti
317 780 547 850 occurrunt,
573 762 620 839 dt
651 764 755 863 quod
779 765 946 849 ,abundat

91 872 130 945 ln
155 888 335 966 corpore,
375 882 569 937 evacuent
631 864 782 963 Qrippe
807 864 945 966 sanguis

92 969 205 1043 ctiam
248 958 515 1039 florentiffimus
558 959 681 1036 senfim
723 965 762 1036 in
801 966 946 1039 arterias

91 1068 243 1167 exiguas
269 1061 339 1137 lese
364 1060 536 1148 insinuat,
573 1062 678 1136 iniis
704 1063 946 1151 audeantur,

90 1164 131 1241 dt
155 1165 219 1238 ubi
240 1161 404 1262 stagnare
437 1160 590 1260 incipit,
624 1164 857 1261 putredinem
912 1185 947 1235 e·

91 1282 198 1340 necat
235 1262 460 1359 inpartibus
491 1257 685 1347 vitalibus,
716 1283 852 1359 easque
884 1187 948 1337 ie·

91 1386 195 1437 mum
219 1361 407 1448 accendit,
434 1361 487 1434 ita
507 1379 552 1435 ut
575 1358 683 1434 nullis
707 1362 857 1436 medicis
882 1384 948 1461 po·

91 1462 254 1537 tionibus
278 1460 493 1535 incendium
520 1459 593 1532 hoc
626 1458 796 1634 restinppi
823 1480 945 1561 queat

40 1613 45 1621 -
90 1562 144 1636 Ut
168 1580 294 1635 autem
322 1560 393 1634 lrec
424 1559 461 1631 in
493 1579 534 1632 re
566 1556 706 1637 redium
772 1562 820 1633 rri
852 1560 947 1653 judi·

92 1661 191 1777 clum
223 1654 354 1760 pollit,
392 1656 615 1772 discernique
649 1658 778 1828 puipus
795 1656 946 1759 profit,

88 1760 223 1930 purbus
246 1756 339 1829 obfir
360 1753 632 1853 phlebotomia,
672 1756 794 1833 olrcrte
825 1770 948 1834 atten-

113 1857 250 1930 endum
282 1851 352 1929 else
380 1871 534 1927 monent
563 1874 687 1930 rerum
719 1858 862 1955 experti
901 1858 948 1933 ad

89 1953 199 2042 vasa,
235 1976 300 2054 per
336 1976 417 2052 quae
450 1950 592 2053 sanguis
629 1954 946 2045 circumvehitur,

90 2078 177 2127 num
206 2052 279 2126 lata
301 2055 426 2152 potius
452 2073 561 2150 quam
594 2052 750 2154 angusta*
768 2053 856 2142 fint,
882 2076 947 2131 aut
988 2138 990 2143 ,

89 2156 171 2226 vice
199 2151 329 2240 versa;
375 2152 413 2224 id
476 2151 549 2224 uod
583 2151 643 2225 vel
700 2154 848 2254 ropria,
886 2154 946 2232 vel

91 2252 322 2326 Medicorum
355 2249 452 2347 inspe
491 2251 574 2323 ione
605 2176 712 2326 facile
743 2254 947 2354 deprehen-

91 2352 213 2426 ditur:
240 2349 456 2448 plerumque
480 2349 636 2448 pingues
659 2350 944 2449 angustioribus,

88 2446 274 2524 macilenti
290 2470 381 2522 vero
405 2445 593 2539 latioribus
616 2452 797 2563 gaudent:
815 2477 944 2553 quam·

89 2550 147 2625 vis
173 2547 212 2622 δι
239 2547 307 2620 alia
333 2544 427 2648 signa
453 2545 538 2634 fint,
565 2551 697 2643 quibus
745 2548 889 2626 lethora
913 2556 944 2628 le

88 2649 243 2750 prodere
267 2645 368 2735 solet,
392 2646 448 2721 uti
471 2666 582 2745 caput
608 2646 697 2721 obtu
715 2671 778 2723 um
806 2675 850 2724 ac
891 2677 943 2726 ra·

88 2772 157 2837 ve,
180 2746 344 2821 membra
367 2763 498 2844 preter
522 2768 663 2820 morem
690 2745 793 2835 lassa,
817 2676 943 2849 pegus

87 2847 249 2949 pondere
273 2843 450 2946 prelium,
475 2842 673 2929 insomnia,
701 2847 739 2920 &
773 2846 942 2945 respiran-

87 2949 125 3021 di
149 2944 302 3022 facultas
324 2941 486 3019 difficilis.
537 2943 675 3034 Quodli
695 2943 786 3034 vala,
802 2949 848 3021 de
867 2952 944 3051 quiss

88 3048 155 3120 bus
178 3045 338 3123 memini,
360 3043 426 3118 fint
447 3041 663 3140 angustiora,
679 3043 839 3119 multum
860 3073 943 3124 con·

175 3241 240 3324 (r)
263 3235 437 3331 Apiorism.
452 3255 491 3321 3:
506 3232 588 3303 See.
599 3253 630 3320 3.
880 3150 941 3221 du·
