2086 3682
329 136 590 275 listronomii'r.
823 189 910 281 355

127 322 334 399 Franciscus
359 326 578 401 Blanchinus
603 325 831 416 Veronensis,
847 331 911 428 qui

56 418 294 498 Astronomiae
320 421 415 499 fama
442 425 578 499 Urbem
603 423 784 524 implevit,
811 452 906 527 egre·

10 580 18 597 .
81 523 158 595 ium
192 544 287 622 opus
324 524 468 611 edidit,
510 523 644 597 scilicet
684 523 835 623 Hesperi
872 522 911 603 ἃ

57 545 257 720 §bosphori
279 646 377 696 nova
400 626 656 723 phaenomena,
677 622 716 696 in
741 647 815 720 quo
837 648 910 701 ma·

58 718 156 796 curas
182 720 338 803 Veneris
364 720 548 796 lunaribus
575 719 717 809 similes,
742 727 822 817 ejus
844 725 912 797 cir·

57 842 99 893 ca
124 841 234 895 axem
261 823 448 920 proprium
478 822 723 920 vertiginem,
760 820 912 921 paralle-

59 915 202 991 lifinum
237 920 313 993 axis
352 920 388 992 in
430 921 548 992 orbita
581 917 774 993 odimestri
813 922 917 995 eirca

57 1015 193 1103 solem,
218 1018 288 1090 &e
315 1016 499 1115 perspicue
524 1015 713 1090 describit:
747 1019 784 1091 in
808 1020 912 1094 Luna

57 1138 206 1215 quoque
238 1114 433 1214 telescopio
470 1138 562 1203 ¹50·
597 1117 731 1213 pedum
764 1138 912 1190 creuam
999 1194 1002 1199 ,

56 1215 253 1311 quamdam
291 1215 331 1289 dr
369 1215 484 1289 veluti
526 1210 652 1286 fossam
689 1214 911 1317 praelongam

54 1312 153 1389 inter
187 1312 347 1388 Platonis
379 1315 417 1389 δι
444 1310 645 1389 Aristotelis
679 1312 842 1389 maculas
872 1310 913 1389 st·

56 1430 135 1486 tam
157 1412 309 1489 detexit.

58 1620 63 1627 “
143 1606 314 1707 Denique
355 1609 393 1682 in
423 1611 586 1685 medium
618 1611 800 1709 prodeunt
830 1610 914 1687 Viri

11 1784 16 1793 ,
56 1706 256 1809 immortali
287 1709 395 1783 laude
417 1713 521 1810 digni,
546 1711 737 1785 Flaminius
762 1711 808 1784 de
836 1713 935 1785 Me·¹

19 1826 25 1833 ·
57 1809 229 1885 ennuchis
244 1809 440 1895 Bononia,
470 1809 655 1908 Philippus
681 1812 727 1884 de
761 1808 796 1885 la
823 1810 914 1886 Hire

59 1902 101 1979 ἃ
123 1902 270 1981 Gabriel
293 1908 457 1998 ejusdem
482 1906 577 1980 filius
610 1910 764 1992 Parisiis,
792 1907 915 1983 Eusta-

58 2005 165 2079 chius
185 2003 412 2081 Manfredius
433 2006 615 2087 Bononiae,
643 2010 916 2079 Mathematum

57 2100 306 2192 Professores,
358 2122 470 2200 atque
520 2102 702 2174 Antonius
749 2104 915 2177 Marehio

58 2201 279 2288 Ghislerus,
318 2201 381 2297 qui
422 2201 673 2301 ephemerides
714 2196 916 2275 coelestium

59 2322 232 2375 motuum
260 2300 459 2401 posteritati
493 2303 530 2372 in
554 2297 692 2375 multos
717 2300 828 2372 etiam
857 2324 917 2401 an·
1008 2383 1011 2388 p

49 2423 130 2476 -nos
158 2398 352 2475 servituras
391 2401 488 2498 typis
529 2397 756 2497 vulgarunt,
795 2400 832 2472 dc
869 2399 919 2472 de

59 2497 228 2597 universa
246 2496 495 2573 Astronomica
522 2496 720 2595 llepublica
743 2498 916 2574 decuma·

59 2622 118 2673 no·
135 2600 211 2672 hoc
235 2596 357 2671 labore
383 2595 443 2671 suo
469 2595 638 2695 praeclare
660 2598 810 2670 omnino
835 2594 917 2670 sunt

60 2700 194 2771 meriti.
256 2697 333 2789 Qui
359 2694 572 2794 ampliorem
598 2693 835 2767 desideratio
861 2718 916 2767 re·

61 2796 130 2871 bus
151 2793 225 2869 istis
248 2795 521 2877 eruditionem,
557 2794 706 2889 loannis
744 2789 917 2866 Franciscl

29 2934 31 2939 ·
63 2893 256 2970 Weidleri
280 2890 411 2965 librum
426 2889 650 2990 ‘singularem
685 2891 730 2963 de
767 2909 852 2963 ortu
879 2889 917 2965 δε

61 2990 250 3094 progressu
288 2987 560 3077 Astronomiae,
612 3013 634 3064 e
671 3011 745 3084 quo
785 2985 849 3060 ista
878 2988 918 3063 in

64 3091 324 3192 compendium
349 3086 491 3162 sedada
518 3086 616 3170 sunt,
644 3083 829 3160 consulere
854 3108 916 3185 po-

65 3194 162 3277 terit.
250 3190 361 3265 Nunc
401 3188 439 3261 in
468 3186 543 3281 ipsa
579 3184 770 3261 sacratiora
808 3186 918 3258 coele·

102 3294 635 3379 Bnn10m.Douasa.Ln.1X.
726 3274 760 3355 Z
859 3281 918 3359 stis
