2086 3682
54 112 59 121 ’
106 122 194 241 462¹
237 222 239 227 ¹
416 110 544 231 Caput
581 110 632 205 V
627 108 685 203 II.

104 274 203 357 rufos
242 274 408 377 planetas
440 276 663 366 Venerem,
709 276 969 367 Mercurium,

102 378 292 462 Martem,
327 374 399 449 &c
433 396 612 477 perpetuo
642 376 748 453 velut
790 380 969 478 excoquit

102 476 189 577 igne
215 472 310 559 suo·,
344 476 443 549 unde
475 498 682 575 nunquam,
698 499 778 573 non
806 481 967 552 maxima

102 572 379 663 exholationum
414 574 521 674 copia
555 597 577 650 e
612 572 768 673 planetis
810 576 857 651 ὅτ·
883 566 967 655 sole

102 673 179 775 ipso
204 672 419 773 egreditur,
461 672 542 771 quae¹
566 692 674 747 motu
699 673 853 748 vorticis
877 672 968 751 solr-

104 776 155 849 ris
185 772 229 844 nd
263 770 428 869 ejusden
459 770 702 871 peripheriam
734 768 966 871 propellitur.

101 872 247 947 Verum
270 866 519 945 exhalationes
541 867 614 945 istae
638 872 890 946 renitentibus·
909 870 966 947 su·
994 900 998 907 ·

102 969 307 1073 perioribus
331 964 485 1043 fixarum
504 969 714 1044 ,vorticibus
751 969 856 1045 ultra.
880 992 966 1069 pro,-

102 1068 206 1171 gredi
232 1066 423 1166 prohibite
449 1062 621 1143 affluente
646 1067 748 1143 subin
772 1092 872 1143 nova
886 1092 965 1143 ma·

101 1168 195 1243 teria
209 1165 398 1265 paullatim
421 1164 716 1258 condensantur3
743 1168 842 1243 unde
857 1190 964 1243 acce·

100 1266 273 1342 dentibus
309 1264 390 1341 solis
417 1264 526 1341 radiis
552 1284 687 1340 terram
711 1265 837 1343 versus
858 1260 963 1341 relle-

99 1368 157 1442 xis
190 1365 307 1439 cauda
339 1385 494 1439 cometae
527 1366 735 1465 generatur.
814 1385 849 1457 5.
872 1366 963 1455 Non

100 1488 231 1541 omnes
265 1464 355 1539 radii
387 1461 519 1538 solares
549 1464 586 1536 in
621 1460 726 1538 illum
749 1463 961 1555 ¹incidentes

99 1565 148 1641 ad
168 1584 302 1638 terram
327 1556 585 1649 reiletiuntur‚
612 1559 670 1636 sed
695 1564 721 1641 ii
745 1560 881 1651 solum,
897 1562 960 1663 qui

99 1664 138 1738 in
164 1683 306 1761 partem
335 1658 396 1735 loli
423 1658 623 1757 oppofitam
649 1662 884 1763 impingunt3
904 1684 958 1737 re·

99 1761 190 1860 liqui
213 1757 383 1833 aliorsum
411 1756 676 1859 disperguntur.
728 1762 856 1857 Quare
872 1784 958 1837 mu.

98 1860 146 1933 da
173 1878 327 1931 cometae
354 1856 500 1955 sempera
521 1858 560 1957 in
586 1862 690 1959 parte
716 1858 802 1933 coeli
836 1852 958 1941 asole

98 1953 223 2033 aversa
247 1954 536 2055 conspiciendam
564 1955 597 2032 se
623 1960 769 2057 praebet.
812 1959 958 2033 Verum

98 2056 250 2157 systema
275 2059 348 2130 hoc
379 2075 422 2129 ut
443 2075 490 2130 ut
511 2056 737 2157 ingeniosum
763 2059 838 2131 duo
867 2058 967 2157 pati·-

99 2178 161 2235 tur
193 2153 400 2231 obstacula:
434 2158 552 2254 primo
586 2154 764 2251 quidem,
799 2156 900 2254 quod
931 2144 958 2230 ll

98 2255 247 2355 planeta
270 2255 332 2328 hic
354 2277 440 2328 cum
466 2253 661 2327 comitibus
686 2252 755 2328 suis
772 2253 877 2353 supra
894 2256 956 2329 Su·

98 2375 251 2429 turnum
282 2351 418 2451 posrtus
451 2372 576 2425 motus
609 2350 660 2424 sui
685 2354 878 2450 periodum
900 2353 956 2439 in'q

98 2473 155 2528 tra
209 2470 343 2525 uatuor
367 2472 482 2527 annos
505 2447 731 2538 conficeret,
768 2476 846 2526 non
869 2460 954 2529 raro'

24 2600 33 2611 -
97 2552 136 2625 δι
165 2472 227 2627 ille
263 2549 301 2623 &
334 2549 487 2624 comites
518 2548 596 2642 ejus
633 2548 722 2626 fixus
760 2546 953 2645 interieilo

96 2674 251 2750 corpore
284 2647 346 2722 suo
379 2645 566 2722 occultare
603 2650 707 2723 nobis
741 2650 951 2741 deberent,

95 2752 201 2846 cujus
238 2770 361 2822 tamen
400 2748 452 2822 rei
493 2744 684 2845 vestigium
727 2746 802 2826 non
841 2748 953 2827 habu·

94 2872 208 2923 mus:
248 2868 327 2920 tum
363 2845 466 2943 quod
496 2842 695 2921 Aullorem
728 2842 843 2947 ipsum
878 2846 952 2947 cal·

93 2947 200 3022 culus
225 2943 403 3039 fefellerit¹
418 2944 456 3017 in
481 2967 648 3030 cometa,
675 2948 822 3045 dequo
849 2946 950 3047 prius

90 3047 254 3129 memini,
280 3066 464 3141 quemque
487 3067 583 3118 anno
612 3067 705 3139 17¹9
730 3046 852 3121 menie
868 3046 949 3119 Ma·

80 3142 125 3245 Ῐο
147 3146 187 3223 in
212 3142 304 3223 libra
328 3138 444 3223 vistim
466 3143 510 3220 iri
532 3148 769 3243 praedixerat‚
807 3164 949 3223 euentu

883 3266 949 3321 va·
