2086 3682
88 198 171 263 102
416 162 647 288 CupitilV.
754 276 756 281 ,

85 338 170 413 vice
193 326 337 433 iugulis
364 336 466 407 ennio
489 335 691 434 contingit,
717 345 859 434 nempe
868 334 946 409 Ve-

86 436 136 509 ris
169 433 207 506 dt
227 434 407 507 Autumni
426 440 601 533 'tempore
632 455 702 509 21.
726 434 880 531 Merui,
908 434 947 509 dc
982 465 984 469 ·

87 531 499 631 circa23.8eptembris.
528 533 680 605 -.Nautae
694 532 796 606 hunc
809 532 947 706 Εἰπὲ

87 651 207 707 torem
247 629 533 706 antonomastice
571 632 725 703 Lineo'bi'
750 631 855 731 ddpel
892 644 948 708 nt.

87 733 235 808 Arbiter
261 752 413 828 quoque
440 730 627 828 temporis·
647 728 704 803 est
723 777 735 816 ,
752 726 871 830 .quod
903 734 949 806 -in

86 831 249 925 eiusdem
275 829 445 928 gradibus
464 835 544 922 360.
570 828 617 901 ad
639 827 950 906 calculum-uoca-

86 928 175 1017 tur,
201 927 328 1027 suique
354 926 458 1000 usum
481 924 655 1026 infignem
680 930 828 1026 prebet·
847 928 949 1025 Geo-

87 1029 258 1130 graphis,
294 1027 383 1099 dum
410 1025 463 1099 eis
485 1022 754 1126 longitudinem
780 1027 947 1121 loc‘orum

87 1128 244 1205 ostendit
267 1150 332 1225 per
356 1125 508 1203 eosdem
533 1126 667 1226 gradus
693 1129 948 1227 a·primo;Me'·
983 1172 989 1179 ·

87 1228 225 1302 ridiano
263 1225 489 1299 recedentes.
567 1228 711 1322 Quinto
724 1254 739 1312 ,·
771 1226 949 1301 circulum

83 1328 188 1402 ¹bunc
230 1323 322 1398 alius
360 1323 549 1422 sequitur,
594 1346 708 1424 quem
755 1322 948 1401 Zodiacum

88 1455 306 1536 nuncupant
332 1436 453 1512 Graeci
480 1462 500 1511 a
526 1426 666 1525 zeidin
700 1433 760 1508 seir
782 1434 947 1510 animale

87 1544 210 1621 Latini
235 1539 454 1642 Signiferum
479 1569 500 1619 a
521 1541 626 1641 lignis
652 1539 872 1631 coelestibus,
889 1542 948 1643 seu

89 1640 197 1718 iiellis
225 1640 472 1741 compluribus
494 1642 650 1717 totidem
675 1638 894 1715 animdlium'
908 1638 949 1715 fi·

87 1765 218 1843 guram
242 1739 503 1828 referentibus,
529 1764 594 1839 per
618 1760 773 1837 quarum
789 1737 947 1813 nauum

88 1842 128 1916 ὅ(
149 1841 314 1926 ordinem
339 1839 389 1914 sol
417 1830 597 1915 orientem
617 1836 740 1913 verius
752 1841 823 1912 iter
844 1837 956 1928 suum‘

86 1939 251 2015 instituit.
325 1940 368 2013 ln
399 1937 533 2039 spbaera
563 1936 701 2012 balthei
738 1956 803 2013 aut
846 1957 973 2012 zonae.

66 2038 196 2133 [instar
219 2062 285 2137 per
307 2036 421 2126 coeli,
455 2040 493 2113 in
518 2037 720 2139 globo-per
745 2036 850 2111 t'errae
874 2036 950 2136 pla·
990 2094 993 2099 .

78 2218 81 2223 ,
115 2163 153 2214 as
184 2136 253 2213 sese
278 2137 461 2237 explicat,
492 2138 687 2235 medioque
716 2133 790 2209 finu
814 2134 949 2210 lineam
992 2192 994 2201 .

87 2162 123 2312 le
149 2238 369 2314 ambientem
383 2232 564 2325 ostendit,
581 2258 671 2337 *quae
696 2232 877 2404 Ecliftica
898 2235 949 2308 di·

88 2328 186 2412 citur
211 2336 256 2408 ab
281 2329 497 2430 Eclipstbus‚
528 2353 619 2429 quas
635 2326 640 2339 '
657 2328 707 2409 sol
732 2357 752 2404 a
790 2356 863 2406 una
888 2335 949 2409 ibi·
990 2398 994 2407 .

88 2437 174 2510 dem
206 2429 441 2518 transeunte,
467 2428 628 2528 lunaque
652 2428 698 2503 ab
723 2431 853 2503 umbra
878 2452 948 2507 ter·

88 2530 138 2608 r'ae
162 2530 249 2606 illuc
274 2525 436 2630 projedia
459 2529 609 2631 patitur.
631 2536 636 2569 ·'
662 2528 775 2603 Linea
800 2530 879 2605 baec
899 2528 948 2607 est

87 2632 151 2707 via
175 2627 269 2715 solis,
286 2651 353 2726 per
380 2652 491 2726 quam
515 2648 623 2703 motu
647 2629 794 2727 proprio
820 2629 865 2702 ab
889 2653 948 2705 oc·

88 2727 172 2804 casu
205 2729 244 2801 in
268 2747 393 2802 ortum
427 2747 700 2828 promovetur,
733 2726 772 2800 &
807 2727 958 2825 profici-¹

88 2828 220 2902 scendo
235 2826 271 2902 in
294 2828 372 2915 dies
402 2851 468 2927 per
491 2830 676 2926 integrum
701 2822 776 2899 fere
794 2830 960 2926 gradum.

89 2927 200 3022 hujus
224 2914 349 3031 cllisslffi
374 2927 522 3094 sgrande
552 2926 623 2999 iter
650 2921 743 2996 istud
773 2947 848 2999 uno
873 2946 949 3002 tan·

89 3028 175 3101 dem
202 3020 303 3121 anilo
317 3024 370 3099 ab
386 3023 490 3099 olvit.
544 3022 747 3121 Obliquum
763 3030 949 3099 vero-tam

90 3127 129 3201 iu
153 3124 298 3224 iphssaer'a‘
309 3144 419 3219 quam
446 3123 482 3195 io
507 3118 618 3222 globo
638 3119 823 3197 Zodiacus
845 3122 949 3198 itum

88 3224 259 3314 obtinet,
300 3242 412 3320 quem
445 3221 587 3322 primus
622 3219 792 3299 detexiiie
816 3223 949 3297 dicitur

22 3353 25 3357 ·
851 3323 944 3397 Aua·
