2086 3682
39 40 43 47 ¹
131 80 233 228 '424'
429 104 716 226 innan.
784 142 801 194 ,·

130 297 223 349 itum.
241 292 274 351 2.
298 294 328 368 3.
346 272 384 346 δι
399 292 438 361 ’9.
461 267 616 345 adduun
631 260 824 369 suipeEiam
851 268 982 359 reddit,

128 374 233 469 *quod
263 373 393 448 harum
417 369 643 445 macularum
676 392 722 442 ne
750 369 900 465 quidem
921 394 984 445 ve·

131 470 274 570 stigium
295 492 398 544 extra
416 490 549 566 corpus
573 467 684 543 solare
708 488 872 565 unquam
891 491 915 542 o
942 470 982 543 ti·

129 572 197 645 mis
218 571 329 643 etiam
357 566 585 667 helioscopiis
609 566 898 666 deprehensum·
946 592 982 643 e·

126 671 187 755 rit,
202 691 317 766 quum
340 684 464 741 tamen
481 667 583 764 Jovis
608 667 763 740 comites
782 665 981 742 &Saturni

127 787 231 841 extra
247 766 389 866 regiam
424 763 569 838 suorum
601 764 807 863 principum
833 767 980 839 armatis

126 865 252 938 saitem
282 864 400 951 oculis
424 860 519 938 cons
535 864 715 951 iciantur;
746 864 979 961 quinetiam

125 963 249 1037 dedic
272 961 340 1037 alia
366 961 477 1037 sidera
499 886 568 1036 nise
591 962 749 1037 videnda
770 961 978 1066 ptaibeant,

124 1064 271 1159 quando
290 1064 471 1162 integrum
486 1059 568 1137 solis
581 1058 719 1135 discum
734 1060 871 1159 eoiipfis
888 1081 978 1135 tem·

123 1183 213 1260 pore
232 1158 417 1235 abscondit
444 1158 545 1234 luna.
604 1163 749 1256 Quarto
779 1181 906 1235 autom
929 1162 978 1235 'de

121 1259 275 1334 maculis
294 1258 473 1359 systemati
492 1259 614 1334 omnia
630 1258 752 1359 paullo
775 1278 861 1335 ante
877 1259 979 1334 exhi-

120 1359 197 1431 bita
219 1361 465 1457 phaenomena·
479 1358 663 1459 suffragari
686 1359 878 1446 videntur,
908 1380 977 1435 noc

111 1458 323 1556 quidquam
349 1456 421 1543 est,
445 1458 545 1557 quod
564 1455 673 1532 fidem
696 1458 877 1533 excedat:
901 1474 975 1535 nou

98 1594 100 1599 ·
121 1579 227 1633 onus
243 1559 281 1633 δι
295 1559 475 1640 interitus,
491 1575 535 1643 ut
553 1576 657 1655 patet
681 1579 728 1631 ex
748 1557 859 1656 ignea
871 1576 976 1632 natu·

113 1678 160 1731 ua
184 1653 284 1740 solia,
314 1658 376 1756 qui
398 1644 567 1753 fuligines
590 1656 656 1727 has
681 1655 835 1742 emittit,
866 1676 974 1731 exco-

32 1755 36 1759 ’
145 1755 226 1841 uit,
259 1755 298 1829 ὅ(
326 1756 475 1828 tandem
507 1754 641 1827 iterum
671 1756 709 1829 in
743 1754 972 1829 substantiam

110 1778 217 1953 <qnam
235 1853 339 1929 velut
352 1851 536 1939 absorbet,
564 1875 609 1926 eo
631 1850 708 1929 fere
731 1855 864 1942 modo,
893 1868 971 1955 quo

108 1954 272 2027 nubese
295 1973 392 2026 terra
415 1954 618 2053 prodeunt,
639 1953 677 2027 δι
706 1954 743 2027 in
770 1976 853 2029 eam
879 1954 971 2029 reci·

37 2092 48 2105 ·
109 2050 240 2127 nunn-
257 2076 331 2126 non
357 2072 482 2126 motus
499 2054 562 2149 qui
580 2053 786 2143 communis
814 2051 867 2126 est
888 2051 970 2168 ἱρῆς

59 2192 61 2196 -
108 2160 202 2224 'oum
228 2151 365 2250 phoebo
390 2170 553 2249 parente,
573 2153 635 2249 qui
651 2173 758 2225 motu
779 2151 969 2250 vertiginis

116 2248 275 2325 sobolem
292 2250 388 2323 suam
410 2249 531 2322 secum
557 2250 707 2350 abripit:
729 2274 805 2329 non
823 2249 968 2350 longior

103 2348 279 2434 duratio,
311 2367 354 2420 ut
375 2346 559 2446 appeliant
587 2346 818 2448 Philosophi,
847 2372 967 2448 quum

103 2466 217 2521 novae
250 2446 389 2545 semper
414 2470 596 2548 vaporum
630 2447 801 2547 suppetiae
832 2448 966 2524 eodem

110 2566 157 2619 ex
173 2543 276 2620 fonte
289 2546 511 2620 adveniant:
538 2568 615 2619 oon
636 2547 736 2645 quod
760 2546 798 2621 in
812 2546 964 2623 immun·

101 2643 243 2721 insons
254 2646 422 2719 incendio
437 2644 574 2719 diutius
593 2644 839 2744 perseverent,
848 2670 963 2744 quum

109 2766 236 2819 earum
259 2747 430 2821 materies
449 2743 491 2818 fit
509 2744 594 2844 igne
618 2745 760 2832 durata,
785 2747 843 2818 uti
860 2746 963 2848 supo-

97 2844 187 2917 -rius
204 2840 344 2925 diuum
371 2842 440 2930 est,
469 2842 508 2916 &
539 2863 643 2919 tanto
670 2844 780 2919 calori
809 2842 961 2922 ferendo

98 2944 244 3016 dudum
267 2941 413 3017 assueta.
466 2942 666 3042 Hucusque
695 2943 813 3019 allatis
835 2936 961 3041 tamon

87 3064 180 3117 ⁴non
196 3044 247 3117 ita
262 3040 370 3129 fidem
386 3030 622 3132 adstruimus,
649 3042 863 3120 ut'aliorum
883 3043 959 3144 opi·

40 3184 43 3191 ·
90 3141 269 3219 -oiooibus
294 3162 378 3239 enm
398 3159 566 3241 ereptam
597 3143 772 3243 ,veiimun
845 3146 959 3239 Quin·

87 3260 225 3301 ...·.1u·.'·.·..'.*.
344 3264 350 3277 ·
492 3256 497 3265 “
885 3265 958 3345 que
