2086 3682
427 124 429 129 ·
604 118 607 130 s
883 98 891 138 i

134 216 222 306 254
443 189 580 308 Caput..
607 187 657 281 V.

131 353 211 430 aeia
235 352 453 455 proportio,
489 351 762 453 desumiturque
788 354 918 453 partim
943 375 991 428 ex

131 454 285 528 humani
310 455 473 552 corporis
498 450 658 541 fabrica,
691 476 764 550 qua
790 451 888 525 nulia
913 474 990 527 ma·

128 549 352 654 gisplacero
372 549 512 724 potest,
537 553 718 652 nobisque
742 553 897 626 vicinior
922 549 986 639 est,

129 653 265 743 partim
301 653 350 726 ex'
399 650 632 726 armonia&
663 670 846 726 concentu
881 649 986 723 musr-

131 769 201 838 co,
224 749 549 836 hocdiscrimine,
571 761 622 823 ut
642 750 692 823 ibi
717 748 867 834 oculus,
895 750 988 824 heic

85 864 93 881 ⁸
115 850 229 938 auris
246 849 406 945 judicem
429 867 550 948 agant.
599 848 802 922 Eurithmia
826 868 916 922 vero
935 848 983 922 di·

130 949 227 1024 citur
250 965 359 1048 aptus
381 949 540 1048 partium
564 946 670 1033 situs,
696 948 783 1020 dum
805 947 933 1022 dextra
949 945 984 1020 fi·

130 1045 247 1121 nistris
271 1047 403 1136 eodem
427 1069 595 1133 nurnero,
619 1044 827 1134 intervallo,
851 1043 985 1144 pofitu·

130 1168 204 1246 que
225 1144 471 1245 respondent,
507 1168 590 1244 quat
616 1144 736 1219 rursus
764 1169 810 1220 ex
834 1145 985 1219 humani

127 1246 291 1344 corporis
307 1241 481 1319 strutiura
505 1246 670 1345 petitur,
698 1234 736 1318 in
756 1266 832 1343 qua
849 1242 994 1344 conspi-¹

126 1344 256 1418 cimus·
270 1358 393 1443 partes
427 1334 604 1441 quasdam
636 1341 806 1418 solitarias
823 1335 878 1418 ‘ac
904 1367 985 1442 pro·

122 1443 375 1529 minentiores,
401 1445 456 1516 uti
477 1442 616 1530 nasum,
640 1465 697 1529 os,
712 1443 924 1516 umbilicum
945 1443 983 1516 in

123 1541 256 1616 medio
281 1539 499 1639 collocatas,
531 1541 620 1615 alias
644 1565 734 1616 vero
757 1565 803 1616 ex
829 1563 984 1640 utraque

152 1659 250 1727 arte,
276 1658 319 1712 ut
341 1663 473 1728 aures,
505 1641 655 1726 oculos,
680 1641 843 1724 brachia,
866 1663 983 1737 atqua·

98 1786 102 1793 -
124 1662 153 1813 fr
174 1737 360 1832 distantia,
384 1736 501 1839 figura
524 1740 563 1814 ἃ
588 1762 647 1812 ma
674 1740 837 1821 nitudine
869 1736 983 1836 dispo·

119 1835 223 1912 sitas}v
267 1841 392 1936 Atque
409 1839 519 1932 hujus
546 1848 644 1912 ve'nu
697 1839 742 1910 tis
761 1836 979 1936 praecipuam

120 1935 357 2012 Architertus
391 1958 516 2012 curam
552 1937 689 2011 habeat
716 1933 862 2017 'necesse
898 1934 979 2010 esta

121 2036 169 2111 ad
198 2034 466 2136 posteriorem,
508 2035 664 2134 (quum
695 2031 866 2115 adhibeto
894 2057 980 2109 curn

120 2134 372 2210 moderamine
394 2136 513 2220 decet,
530 2136 745 2235 neutiquam
766 2132 976 2234 negligere)

120 2236 307 2335 pertinent
346 2256 418 2334 prae
448 2233 597 2332 reliquis
631 2230 794 2335 pisturae,
823 2255 977 2330 quarum

120 2330 198 2409 aliar
227 2334 398 2409 dicuntur
432 2323 774 2434 Megalogropbioae,
801 2355 881 2430 quat
902 2333 974 2406 He·

117 2432 227 2507 rourn
252 2429 362 2509 facies
389 2431 427 2506 ὅ(
457 2455 515 2505 res
542 2427 658 2528 gestas
681 2428 872 2516 exhibent,
900 2432 977 2504 aliae

124 2524 315 2628 Topinra'oe',
341 2553 425 2631 quae
446 2530 591 2626 hortos,
615 2528 757 2614 domos,
780 2552 895 2617 arces,
913 2553 976 2629 op·

56 2705 58 2709 .
99 2686 102 2690 -
144 2631 226 2720 ida,
251 2633 367 2706 immo
395 2630 556 2744 integras
582 2626 792 2739 provincias
828 2627 975 2728 conspe·

117 2653 200 2804 {ini
216 2728 360 2804 sistunt:
385 2745 465 2800 turn
480 2747 553 2800 nna
581 2748 658 2799 roes
681 2725 719 2800 &
745 2724 877 2823 statuae,
895 2751 977 2826 quae

57 2833 58 2836 ’
115 2828 179 2913 vei
203 2830 462 2925 nuncupantur
498 2747 669 2909 Atinates
709 2827 887 2927 integram
913 2827 975 2904 vel
1005 2910 1013 2929 ,

113 2928 273 3011 mediam
297 2923 455 2999 hominis
488 2921 658 2999 staturam
687 2923 973 3024 praeseferentes,

105 3051 161 3109 ,ac
181 3021 349 3100 manibus
376 3020 455 3122 post
485 3022 636 3121 occiput
660 3021 816 3100 reduffls
839 3025 876 3098 ἃ
901 3023 981 3100 eie·¹

62 3181 65 3189 r
109 3125 209 3216 vatis
237 3123 369 3199 cubitis
388 3146 442 3199 ,ac
459 3121 624 3219 submiiio
650 3122 815 3199 nonnihil
832 3126 972 3200 vertice

110 3224 257 3327 pondus
282 3220 516 3311 sustinentes,
551 3245 643 3323 quat
678 3220 877 3301 Telamones
906 3247 972 3296 vo·

912 3345 971 3396 ca·
