2086 3682
379 141 530 235 Dioeiu.
803 144 887 257 167

389 335 554 415 XXXII.

111 482 244 558 Praete'r
272 484 349 559 haec
401 484 482 559 triti
513 479 724 581 expertique
746 480 883 559 Medici

62 604 137 682 rges
171 584 346 683 quasdam
375 506 465 658 iane
494 605 570 657 uun
598 582 883 658 contemnendas

63 682 188 755 teraris
218 680 458 781 praescribunt.
529 679 695 780 Inprimis
721 697 766 753 ut
786 682 883 795 capi·

62 782 84 853 ss
110 777 328 855 custodiendi
355 802 478 855 cutam
497 796 637 880 gerant.
704 776 762 853 Est
781 799 882 855 emm

62 888 107 951 'oc
124 876 221 953 sedes
242 879 389 965 cerebri,
404 874 604 953 nobiliiiimi
628 899 669 951 ac
692 873 881 951 literarum

63 976 192 1050 udiofis
217 978 355 1077 ¹proprii,
373 976 619 1063 instrumenti,
652 998 727 1055 uon
759 974 882 1051 minus

62 1098 78 1149 r
101 1078 211 1175 pedes
235 1075 565 1177 suot-'Tabellariim
589 1097 719 1153 manus
741 1072 882 1175 opifici·

62 1195 119 1259 us,
147 1176 184 1249 δι
208 1176 416 1253 cantoribus
441 1198 525 1251 vox.
597 1176 639 1250 ln
663 1176 736 1251 hoc
757 1195 803 1249 ex
826 1173 880 1249 iri·

62 1266 191 1346 umeris
229 1275 267 1348 &
302 1276 503 1350 tenerrimis
536 1274 709 1365 venulis,
741 1270 878 1349 fibrillis

62 1370 441 1471 tinimis,⁵canaliculis
463 1398 508 1448 ac
530 1370 768 1475 receptaculis
791 1393 877 1447 con·

62 1467 133 1545 rxto'
160 1470 354 1545 secernitur
379 1497 399 1547 e
426 1471 595 1572 sanguine
622 1470 749 1547 succus
768 1469 876 1545 fubri·

62 1592 96 1656 ς,
127 1568 316 1659 clasticus,
348 1568 609 1673 limpidiffimus
634 1569 877 1671 &spiriritus

62 1666 169 1756 lenus,
193 1691 267 1767 quo
292 1668 396 1743 velut
417 1693 500 1745 rore
525 1668 877 1771 conspergitur,qui·
969 1708 972 1714 ·

62 1790 102 1859 ue
128 1769 165 1839 in
188 1766 343 1867 reliquas
367 1770 528 1871 corporis
559 1791 680 1872 partes
703 1764 877 1867 dispensa-

62 1886 102 1947 ιτ,
119 1865 310 1959 praesertim
335 1871 373 1939 in
396 1866 559 1943 iensuu'm
582 1883 768 1969 organum
794 1867 874 1967 qui·

62 1981 97 2031 rs
121 1956 349 2055 postmodum
382 1962 554 2060 unimuies
586 1963 726 2061 spiritus
754 1965 792 2036 in
813 1959 873 2039 ce'·

62 2058 172 2129 ebrum
198 2052 388 2131 confluunt
409 2056 512 2131 velut
541 2056 704 2133 sensuum
735 2056 769 2133 ie
796 2063 872 2150 ati,

62 2179 165 2231 :una
189 2178 273 2230 cum
308 2153 485 2258 spiritibus
518 2153 588 2231 iilis
623 2155 734 2232 iucidi
762 2160 870 2250 imis,

62 2279 71 2329 :
96 2254 213 2329 omnis
237 2278 416 2356 vaporum
436 2254 607 2357 'caliginis
635 2256 871 2357 expertibus,

62 2354 91 2427 ri
114 2353 152 2429 in
178 2358 325 2429 cerebro
352 2352 601 2447 elaborantur,
626 2356 782 2433 animum
809 2378 872 2433 tx·

62 2473 140 2527 tant
174 2456 213 2527 ui
239 2448 455 2529 admirabilis
479 2454 581 2555 eius,
616 2454 662 2530 de
687 2476 760 2553 quo
785 2452 871 2533 alibi

64 2554 194 2651 rrimus,
217 2552 425 2627 commercii
450 2576 531 2627 eam
556 2554 651 2631 inter
676 2554 714 2629 &
736 2576 870 2653 corpus

64 2651 292 2736 tercedentis,
314 2650 544 2749 serviuntque
569 2653 615 2727 ad
639 2648 868 2729 nobiliffimh's

65 2744 227 2823 teliestus
279 2746 480 2825 functiones
521 2750 592 2825 rite
636 2752 867 2828 exercendus.

62 2870 104 2921 un
128 2870 216 2921 vero
241 2846 338 2922 noiie
363 2866 530 2947 oportet,
562 2849 601 2925 &
632 2847 719 2924 foris
751 2848 790 2923 &
814 2848 867 2925 io·

62 2966 94 3027 rs¹
115 2944 210 3033 effe,
274 2968 329 3019 uae
361 2946 470 3045 capiti
503 2970 546 3022 ac
576 2949 723 3023 cerebro
751 2948 865 3023 n'ocu·

62 3063 188 3119 entum
215 3045 259 3118 ad
297 3068 353 3118 rre
377 3042 546 3144 poffunt,
574 3044 744 3141 nimirum
768 3044 865 3121 calo-

63 3168 121 3234 m,
147 3140 283 3236 frigus,
309 3145 519 3233 humorem,
547 3142 758 3236 fictita'tem,
782 3142 805 3218 fi
825 3142 864 3219 li·

395 3243 465 3338 L4
795 3243 864 3321 mir
