<?xml version="1.0" encoding="UTF-8"?>
<!DOCTYPE html PUBLIC "-//W3C//DTD XHTML 1.0 Transitional//EN"
    "http://www.w3.org/TR/xhtml1/DTD/xhtml1-transitional.dtd">
<html xmlns="http://www.w3.org/1999/xhtml" xml:lang="en" lang="en">
 <head>
  <title>
</title>
<meta http-equiv="Content-Type" content="text/html;charset=utf-8" />
  <meta name='ocr-system' content='tesseract 3.04.00' />
  <meta name='ocr-capabilities' content='ocr_page ocr_carea ocr_par ocr_line ocrx_word'/>
</head>
<body>
  <div class='ocr_page' id='page_1' title='image "./bibliothecadome02manngoog_0150.png"; bbox 0 0 2086 3682; ppageno 0'>
   <div class='ocr_carea' id='block_1_1' title="bbox 97 121 916 256">
    <p class='ocr_par' dir='ltr' id='par_1_1' title="bbox 97 121 916 256">
     <span class='ocr_line' id='line_1_1' title="bbox 97 121 916 256; baseline -0.009 -29"><span class='ocrx_word' id='word_1_1' title='bbox 97 218 100 227; x_wconf 93' lang='lat'><em>.</em></span> <span class='ocrx_word' id='word_1_2' title='bbox 224 220 228 235; x_wconf 84' lang='grc'>,</span> <span class='ocrx_word' id='word_1_3' title='bbox 360 121 624 256; x_wconf 76' lang='lat' dir='ltr'>Geogropitr&#39;a.</span> <span class='ocrx_word' id='word_1_4' title='bbox 836 157 916 247; x_wconf 77' lang='lat'>113</span> 
     </span>
    </p>
   </div>
   <div class='ocr_carea' id='block_1_2' title="bbox 16 288 1027 3294">
    <p class='ocr_par' dir='ltr' id='par_1_2' title="bbox 16 288 1027 3294">
     <span class='ocr_line' id='line_1_2' title="bbox 57 288 916 398; baseline 0.003 -30"><span class='ocrx_word' id='word_1_5' title='bbox 57 289 93 370; x_wconf 88' lang='lat' dir='ltr'>le</span> <span class='ocrx_word' id='word_1_6' title='bbox 115 288 336 395; x_wconf 80' lang='lat' dir='ltr'>praebuere,</span> <span class='ocrx_word' id='word_1_7' title='bbox 372 295 443 371; x_wconf 83' lang='lat' dir='ltr'>stne</span> <span class='ocrx_word' id='word_1_8' title='bbox 468 296 550 398; x_wconf 89' lang='lat' dir='ltr'>lege</span> <span class='ocrx_word' id='word_1_9' title='bbox 576 320 620 372; x_wconf 84' lang='lat' dir='ltr'>ac</span> <span class='ocrx_word' id='word_1_10' title='bbox 645 293 814 396; x_wconf 86' lang='lat' dir='ltr'>periculis</span> <span class='ocrx_word' id='word_1_11' title='bbox 842 296 916 395; x_wconf 87' lang='lat' dir='ltr'>ple·</span> 
     </span>
     <span class='ocr_line' id='line_1_3' title="bbox 57 390 1027 496; baseline 0.002 -29"><span class='ocrx_word' id='word_1_12' title='bbox 57 415 112 467; x_wconf 65' lang='grc' dir='ltr'>ηπ</span> <span class='ocrx_word' id='word_1_13' title='bbox 138 390 291 468; x_wconf 86' lang='lat' dir='ltr'>fuerunt</span> <span class='ocrx_word' id='word_1_14' title='bbox 317 417 447 470; x_wconf 91' lang='lat' dir='ltr'>eorum</span> <span class='ocrx_word' id='word_1_15' title='bbox 474 397 739 496; x_wconf 84' lang='lat' dir='ltr'>navigationes.</span> <span class='ocrx_word' id='word_1_16' title='bbox 788 398 841 468; x_wconf 89' lang='lat' dir='ltr'>At</span> <span class='ocrx_word' id='word_1_17' title='bbox 853 420 921 495; x_wconf 89' lang='lat' dir='ltr'>po·</span> <span class='ocrx_word' id='word_1_18' title='bbox 1023 486 1027 493; x_wconf 16' lang='grc' dir='ltr'>ι</span> 
     </span>
     <span class='ocr_line' id='line_1_4' title="bbox 56 489 921 595; baseline 0.001 -28"><span class='ocrx_word' id='word_1_19' title='bbox 56 489 139 567; x_wconf 82' lang='lat' dir='ltr'>steti</span> <span class='ocrx_word' id='word_1_20' title='bbox 164 492 318 568; x_wconf 87' lang='lat' dir='ltr'>inventa</span> <span class='ocrx_word' id='word_1_21' title='bbox 354 496 488 594; x_wconf 82' lang='lat' dir='ltr'>pyxide</span> <span class='ocrx_word' id='word_1_22' title='bbox 521 495 720 582; x_wconf 84' lang='lat' dir='ltr'>Nautica‚</span> <span class='ocrx_word' id='word_1_23' title='bbox 766 492 921 595; x_wconf 71' lang='lat' dir='ltr'>lingula·¹</span> 
     </span>
     <span class='ocr_line' id='line_1_5' title="bbox 55 592 921 693; baseline 0.003 -26"><span class='ocrx_word' id='word_1_24' title='bbox 55 614 128 693; x_wconf 86' lang='lat' dir='ltr'>que</span> <span class='ocrx_word' id='word_1_25' title='bbox 162 595 373 692; x_wconf 83' lang='lat' dir='ltr'>magnetica</span> <span class='ocrx_word' id='word_1_26' title='bbox 404 593 464 670; x_wconf 87' lang='lat' dir='ltr'>seu</span> <span class='ocrx_word' id='word_1_27' title='bbox 498 593 622 669; x_wconf 86' lang='lat' dir='ltr'>lodice</span> <span class='ocrx_word' id='word_1_28' title='bbox 660 592 807 669; x_wconf 89' lang='lat' dir='ltr'>Marino</span> <span class='ocrx_word' id='word_1_29' title='bbox 833 595 852 685; x_wconf 97' lang='lat'>(</span> <span class='ocrx_word' id='word_1_30' title='bbox 874 595 921 671; x_wconf 79' lang='lat' dir='ltr'>de</span> 
     </span>
     <span class='ocr_line' id='line_1_6' title="bbox 54 691 920 794; baseline 0.002 -27"><span class='ocrx_word' id='word_1_31' title='bbox 54 691 193 792; x_wconf 83' lang='lat' dir='ltr'>quibus</span> <span class='ocrx_word' id='word_1_32' title='bbox 238 693 313 768; x_wconf 84' lang='lat' dir='ltr'>dixi</span> <span class='ocrx_word' id='word_1_33' title='bbox 351 691 387 790; x_wconf 87' lang='lat'>§.</span> <span class='ocrx_word' id='word_1_34' title='bbox 419 695 505 768; x_wconf 91' lang='lat' dir='ltr'>XV</span> <span class='ocrx_word' id='word_1_35' title='bbox 521 696 593 790; x_wconf 90' lang='grc' dir='ltr'>Ι.)</span> <span class='ocrx_word' id='word_1_36' title='bbox 642 693 841 794; x_wconf 85' lang='lat' dir='ltr'>peregrinis</span> <span class='ocrx_word' id='word_1_37' title='bbox 885 693 920 769; x_wconf 86' lang='lat' dir='ltr'>se</span> 
     </span>
     <span class='ocr_line' id='line_1_7' title="bbox 57 791 921 888; baseline 0.002 -23"><span class='ocrx_word' id='word_1_38' title='bbox 57 813 99 865; x_wconf 85' lang='lat' dir='ltr'>tc</span> <span class='ocrx_word' id='word_1_39' title='bbox 138 813 333 888; x_wconf 85' lang='lat' dir='ltr'>nunquam</span> <span class='ocrx_word' id='word_1_40' title='bbox 367 792 546 869; x_wconf 73' lang='lat' dir='ltr'>hasienus</span> <span class='ocrx_word' id='word_1_41' title='bbox 580 791 741 868; x_wconf 83' lang='lat' dir='ltr'>sulcatis¹</span> <span class='ocrx_word' id='word_1_42' title='bbox 759 791 921 867; x_wconf 75' lang='lat' dir='ltr'>maribus</span> 
     </span>
     <span class='ocr_line' id='line_1_8' title="bbox 59 889 921 992; baseline 0.001 -28"><span class='ocrx_word' id='word_1_43' title='bbox 59 891 321 972; x_wconf 81' lang='lat' dir='ltr'>committere,</span> <span class='ocrx_word' id='word_1_44' title='bbox 372 892 411 965; x_wconf 74' lang='grc' dir='ltr'>δι</span> <span class='ocrx_word' id='word_1_45' title='bbox 460 913 582 967; x_wconf 91' lang='lat' dir='ltr'>totum</span> <span class='ocrx_word' id='word_1_46' title='bbox 631 916 704 992; x_wconf 89' lang='lat' dir='ltr'>qua</span> <span class='ocrx_word' id='word_1_47' title='bbox 741 889 817 968; x_wconf 80' lang='lat' dir='ltr'>late</span> <span class='ocrx_word' id='word_1_48' title='bbox 856 915 921 991; x_wconf 82' lang='lat' dir='ltr'>pa·</span> 
     </span>
     <span class='ocr_line' id='line_1_9' title="bbox 59 987 920 1067; baseline 0.002 -4"><span class='ocrx_word' id='word_1_49' title='bbox 59 1004 110 1063; x_wconf 92' lang='lat' dir='ltr'>tet</span> <span class='ocrx_word' id='word_1_50' title='bbox 139 987 341 1065; x_wconf 83' lang='lat' dir='ltr'><strong>Oceanum</strong></span> <span class='ocrx_word' id='word_1_51' title='bbox 372 990 521 1067; x_wconf 84' lang='lat' dir='ltr'>lustrare</span> <span class='ocrx_word' id='word_1_52' title='bbox 560 990 633 1065; x_wconf 85' lang='lat' dir='ltr'>aust</span> <span class='ocrx_word' id='word_1_53' title='bbox 664 990 757 1064; x_wconf 84' lang='lat' dir='ltr'>sunt.</span> <span class='ocrx_word' id='word_1_54' title='bbox 830 990 920 1065; x_wconf 80' lang='lat' dir='ltr'>Prae·</span> 
     </span>
     <span class='ocr_line' id='line_1_10' title="bbox 59 1087 971 1190; baseline -0.004 -25"><span class='ocrx_word' id='word_1_55' title='bbox 59 1104 158 1165; x_wconf 77' lang='lat' dir='ltr'>ocrea</span> <span class='ocrx_word' id='word_1_56' title='bbox 205 1089 253 1162; x_wconf 86' lang='lat' dir='ltr'>ad</span> <span class='ocrx_word' id='word_1_57' title='bbox 298 1087 575 1190; x_wconf 82' lang='lat' dir='ltr'>distinguendos</span> <span class='ocrx_word' id='word_1_58' title='bbox 625 1090 754 1162; x_wconf 90' lang='lat' dir='ltr'>mundi</span> <span class='ocrx_word' id='word_1_59' title='bbox 803 1088 921 1162; x_wconf 79' lang='lat' dir='ltr'>cardi·</span> <span class='ocrx_word' id='word_1_60' title='bbox 966 1094 971 1101; x_wconf 81' lang='grc'><strong>’</strong></span> 
     </span>
     <span class='ocr_line' id='line_1_11' title="bbox 58 1185 919 1290; baseline 0.002 -29"><span class='ocrx_word' id='word_1_61' title='bbox 58 1204 118 1263; x_wconf 88' lang='lat' dir='ltr'>nes</span> <span class='ocrx_word' id='word_1_62' title='bbox 146 1208 230 1262; x_wconf 89' lang='lat' dir='ltr'>tum</span> <span class='ocrx_word' id='word_1_63' title='bbox 257 1188 440 1290; x_wconf 84' lang='lat' dir='ltr'>principes</span> <span class='ocrx_word' id='word_1_64' title='bbox 468 1210 549 1263; x_wconf 90' lang='lat' dir='ltr'>tum</span> <span class='ocrx_word' id='word_1_65' title='bbox 573 1185 833 1276; x_wconf 86' lang='lat' dir='ltr'>intermedius,</span> <span class='ocrx_word' id='word_1_66' title='bbox 854 1187 919 1286; x_wconf 83' lang='lat' dir='ltr'>qui</span> 
     </span>
     <span class='ocr_line' id='line_1_12' title="bbox 58 1281 919 1388; baseline -0.001 -29"><span class='ocrx_word' id='word_1_67' title='bbox 58 1281 171 1363; x_wconf 78' lang='lat' dir='ltr'>latera</span> <span class='ocrx_word' id='word_1_68' title='bbox 194 1284 353 1388; x_wconf 78' lang='lat' dir='ltr'>stipant,</span> <span class='ocrx_word' id='word_1_69' title='bbox 394 1286 522 1383; x_wconf 76' lang='lat' dir='ltr'>Rofizm</span> <span class='ocrx_word' id='word_1_70' title='bbox 548 1298 735 1363; x_wconf 84' lang='lat' dir='ltr'>uentorum</span> <span class='ocrx_word' id='word_1_71' title='bbox 760 1283 919 1361; x_wconf 86' lang='lat' dir='ltr'>consitu-</span> 
     </span>
     <span class='ocr_line' id='line_1_13' title="bbox 57 1383 919 1490; baseline 0.001 -30"><span class='ocrx_word' id='word_1_72' title='bbox 57 1404 218 1474; x_wconf 81' lang='lat' dir='ltr'>xeront‚</span> <span class='ocrx_word' id='word_1_73' title='bbox 250 1409 272 1462; x_wconf 92' lang='lat' dir='ltr'>e</span> <span class='ocrx_word' id='word_1_74' title='bbox 305 1410 379 1486; x_wconf 81' lang='lat' dir='ltr'>qua</span> <span class='ocrx_word' id='word_1_75' title='bbox 409 1388 534 1490; x_wconf 79' lang='lat' dir='ltr'>plagas</span> <span class='ocrx_word' id='word_1_76' title='bbox 565 1386 667 1463; x_wconf 84' lang='lat' dir='ltr'>fimul</span> <span class='ocrx_word' id='word_1_77' title='bbox 695 1387 733 1462; x_wconf 91' lang='lat'>&amp;</span> <span class='ocrx_word' id='word_1_78' title='bbox 757 1383 919 1461; x_wconf 83' lang='lat' dir='ltr'>diversos</span> 
     </span>
     <span class='ocr_line' id='line_1_14' title="bbox 60 1484 919 1589; baseline -0.002 -26"><span class='ocrx_word' id='word_1_79' title='bbox 60 1484 235 1586; x_wconf 81' lang='lat' dir='ltr'>spirantes</span> <span class='ocrx_word' id='word_1_80' title='bbox 260 1509 307 1560; x_wconf 82' lang='lat' dir='ltr'>ex</span> <span class='ocrx_word' id='word_1_81' title='bbox 333 1486 401 1562; x_wconf 88' lang='lat' dir='ltr'>illis</span> <span class='ocrx_word' id='word_1_82' title='bbox 424 1510 557 1562; x_wconf 89' lang='lat' dir='ltr'>ventos</span> <span class='ocrx_word' id='word_1_83' title='bbox 581 1484 803 1589; x_wconf 82' lang='lat' dir='ltr'>cognoscere</span> <span class='ocrx_word' id='word_1_84' title='bbox 831 1485 919 1561; x_wconf 80' lang='lat' dir='ltr'>lice·</span> 
     </span>
     <span class='ocr_line' id='line_1_15' title="bbox 56 1582 917 1761; baseline 0.001 -101"><span class='ocrx_word' id='word_1_85' title='bbox 56 1605 121 1661; x_wconf 83' lang='lat' dir='ltr'>tet.</span> <span class='ocrx_word' id='word_1_86' title='bbox 181 1582 310 1662; x_wconf 79' lang='lat' dir='ltr'>Priscis</span> <span class='ocrx_word' id='word_1_87' title='bbox 336 1584 472 1687; x_wconf 82' lang='lat' dir='ltr'>duplex</span> <span class='ocrx_word' id='word_1_88' title='bbox 501 1586 616 1662; x_wconf 90' lang='lat' dir='ltr'>solum</span> <span class='ocrx_word' id='word_1_89' title='bbox 640 1610 758 1761; x_wconf 57' lang='lat' dir='ltr'>penus</span> <span class='ocrx_word' id='word_1_90' title='bbox 786 1604 917 1662; x_wconf 81' lang='lat' dir='ltr'>vento·</span> 
     </span>
     <span class='ocr_line' id='line_1_16' title="bbox 56 1685 916 1787; baseline -0.001 -27"><span class='ocrx_word' id='word_1_91' title='bbox 56 1704 136 1761; x_wconf 88' lang='lat' dir='ltr'>rotn</span> <span class='ocrx_word' id='word_1_92' title='bbox 151 1704 234 1761; x_wconf 79' lang='lat' dir='ltr'>etat</span> <span class='ocrx_word' id='word_1_93' title='bbox 254 1685 358 1760; x_wconf 91' lang='lat' dir='ltr'>initio</span> <span class='ocrx_word' id='word_1_94' title='bbox 376 1709 522 1774; x_wconf 89' lang='lat' dir='ltr'>notum,</span> <span class='ocrx_word' id='word_1_95' title='bbox 534 1688 648 1762; x_wconf 79' lang='lat' dir='ltr'>Borea</span> <span class='ocrx_word' id='word_1_96' title='bbox 662 1689 693 1763; x_wconf 88' lang='lat' dir='ltr'>is</span> <span class='ocrx_word' id='word_1_97' title='bbox 714 1709 848 1787; x_wconf 86' lang='lat' dir='ltr'>nempe</span> <span class='ocrx_word' id='word_1_98' title='bbox 872 1708 916 1759; x_wconf 88' lang='lat' dir='ltr'>ac</span> 
     </span>
     <span class='ocr_line' id='line_1_17' title="bbox 55 1782 920 1889; baseline 0.001 -30"><span class='ocrx_word' id='word_1_99' title='bbox 55 1782 228 1860; x_wconf 78' lang='lat' dir='ltr'>Australis</span> <span class='ocrx_word' id='word_1_100' title='bbox 238 1807 281 1866; x_wconf 83' lang='lat' dir='ltr'>3e</span> <span class='ocrx_word' id='word_1_101' title='bbox 295 1786 446 1885; x_wconf 81' lang='lat' dir='ltr'>reliquis</span> <span class='ocrx_word' id='word_1_102' title='bbox 458 1788 607 1884; x_wconf 72' lang='lat' dir='ltr'>eosqui</span> <span class='ocrx_word' id='word_1_103' title='bbox 625 1788 682 1862; x_wconf 89' lang='lat' dir='ltr'>his</span> <span class='ocrx_word' id='word_1_104' title='bbox 698 1788 814 1889; x_wconf 85' lang='lat' dir='ltr'>plagis</span> <span class='ocrx_word' id='word_1_105' title='bbox 828 1785 920 1862; x_wconf 84' lang='lat' dir='ltr'>viti·</span> 
     </span>
     <span class='ocr_line' id='line_1_18' title="bbox 55 1878 919 1986; baseline 0.001 -26"><span class='ocrx_word' id='word_1_106' title='bbox 55 1882 187 1961; x_wconf 70' lang='lat' dir='ltr'>niotes&#39;</span> <span class='ocrx_word' id='word_1_107' title='bbox 202 1878 406 1975; x_wconf 72' lang='lat' dir='ltr'>adlimam,</span> <span class='ocrx_word' id='word_1_108' title='bbox 434 1885 694 1964; x_wconf 83' lang='lat' dir='ltr'>Meridiouales</span> <span class='ocrx_word' id='word_1_109' title='bbox 706 1911 752 1971; x_wconf 82' lang='lat' dir='ltr'>uc</span> <span class='ocrx_word' id='word_1_110' title='bbox 765 1889 919 1986; x_wconf 81' lang='lat' dir='ltr'>Septen·</span> 
     </span>
     <span class='ocr_line' id='line_1_19' title="bbox 56 1983 918 2088; baseline 0.001 -30"><span class='ocrx_word' id='word_1_111' title='bbox 56 1983 231 2060; x_wconf 85' lang='lat' dir='ltr'>trionales</span> <span class='ocrx_word' id='word_1_112' title='bbox 247 1987 473 2062; x_wconf 86' lang='lat' dir='ltr'>vocitabant.</span> <span class='ocrx_word' id='word_1_113' title='bbox 527 1984 717 2088; x_wconf 82' lang='lat' dir='ltr'>Progreliu</span> <span class='ocrx_word' id='word_1_114' title='bbox 739 1987 918 2083; x_wconf 84' lang='lat' dir='ltr'>temporis</span> 
     </span>
     <span class='ocr_line' id='line_1_20' title="bbox 54 2082 919 2184; baseline -0.002 -26"><span class='ocrx_word' id='word_1_115' title='bbox 54 2104 219 2184; x_wconf 80' lang='lat' dir='ltr'>quatuor</span> <span class='ocrx_word' id='word_1_116' title='bbox 233 2082 447 2161; x_wconf 79' lang='lat' dir='ltr'>Cardinales</span> <span class='ocrx_word' id='word_1_117' title='bbox 467 2088 568 2161; x_wconf 89' lang='lat' dir='ltr'>venti</span> <span class='ocrx_word' id='word_1_118' title='bbox 595 2084 882 2158; x_wconf 77' lang='lat' dir='ltr'>numerabantur</span> <span class='ocrx_word' id='word_1_119' title='bbox 903 2103 919 2171; x_wconf 91' lang='lat'>;</span> 
     </span>
     <span class='ocr_line' id='line_1_21' title="bbox 56 2180 918 2285; baseline -0.006 -26"><span class='ocrx_word' id='word_1_120' title='bbox 56 2185 114 2259; x_wconf 87' lang='lat' dir='ltr'>his</span> <span class='ocrx_word' id='word_1_121' title='bbox 134 2180 262 2283; x_wconf 84' lang='lat' dir='ltr'>postea</span> <span class='ocrx_word' id='word_1_122' title='bbox 283 2205 448 2285; x_wconf 88' lang='lat' dir='ltr'>quatuor</span> <span class='ocrx_word' id='word_1_123' title='bbox 478 2185 539 2258; x_wconf 87' lang='lat' dir='ltr'>alii</span> <span class='ocrx_word' id='word_1_124' title='bbox 563 2182 716 2272; x_wconf 83' lang='lat' dir='ltr'>fuerunt</span> <span class='ocrx_word' id='word_1_125' title='bbox 750 2180 918 2273; x_wconf 82' lang='lat' dir='ltr'>accenliti</span> 
     </span>
     <span class='ocr_line' id='line_1_22' title="bbox 52 2280 918 2386; baseline -0.006 -25"><span class='ocrx_word' id='word_1_126' title='bbox 52 2306 100 2361; x_wconf 82' lang='lat' dir='ltr'>ea</span> <span class='ocrx_word' id='word_1_127' title='bbox 125 2307 176 2361; x_wconf 84' lang='lat' dir='ltr'>ex</span> <span class='ocrx_word' id='word_1_128' title='bbox 198 2305 304 2384; x_wconf 84' lang='lat' dir='ltr'>parte</span> <span class='ocrx_word' id='word_1_129' title='bbox 316 2332 330 2374; x_wconf 89' lang='lat'>,</span> <span class='ocrx_word' id='word_1_130' title='bbox 354 2308 428 2386; x_wconf 74' lang='lat' dir='ltr'>qua</span> <span class='ocrx_word' id='word_1_131' title='bbox 458 2280 528 2374; x_wconf 89' lang='lat' dir='ltr'>sol,</span> <span class='ocrx_word' id='word_1_132' title='bbox 548 2286 638 2357; x_wconf 86' lang='lat' dir='ltr'>dom</span> <span class='ocrx_word' id='word_1_133' title='bbox 661 2280 797 2382; x_wconf 86' lang='lat' dir='ltr'>quovis</span> <span class='ocrx_word' id='word_1_134' title='bbox 820 2299 918 2357; x_wconf 85' lang='lat' dir='ltr'>anuo</span> 
     </span>
     <span class='ocr_line' id='line_1_23' title="bbox 56 2379 919 2483; baseline -0.002 -24"><span class='ocrx_word' id='word_1_135' title='bbox 56 2384 102 2459; x_wconf 84' lang='lat' dir='ltr'>ab</span> <span class='ocrx_word' id='word_1_136' title='bbox 124 2384 333 2483; x_wconf 84' lang='lat' dir='ltr'>AEquatore</span> <span class='ocrx_word' id='word_1_137' title='bbox 359 2409 457 2461; x_wconf 90' lang='lat' dir='ltr'>nunc</span> <span class='ocrx_word' id='word_1_138' title='bbox 489 2386 526 2459; x_wconf 87' lang='lat' dir='ltr'>in</span> <span class='ocrx_word' id='word_1_139' title='bbox 560 2381 732 2458; x_wconf 87' lang='lat' dir='ltr'>Austrum</span> <span class='ocrx_word' id='word_1_140' title='bbox 757 2403 857 2459; x_wconf 87' lang='lat' dir='ltr'>nuuc</span> <span class='ocrx_word' id='word_1_141' title='bbox 878 2379 919 2457; x_wconf 86' lang='lat' dir='ltr'>in</span> 
     </span>
     <span class='ocr_line' id='line_1_24' title="bbox 56 2473 1001 2573; baseline -0.004 -14"><span class='ocrx_word' id='word_1_142' title='bbox 56 2485 212 2563; x_wconf 82' lang='lat' dir='ltr'>Boream</span> <span class='ocrx_word' id='word_1_143' title='bbox 229 2481 409 2573; x_wconf 84' lang='lat' dir='ltr'>declinat,</span> <span class='ocrx_word' id='word_1_144' title='bbox 438 2505 563 2560; x_wconf 88' lang='lat' dir='ltr'>ortum</span> <span class='ocrx_word' id='word_1_145' title='bbox 586 2484 648 2559; x_wconf 89' lang='lat' dir='ltr'>vel</span> <span class='ocrx_word' id='word_1_146' title='bbox 665 2483 834 2559; x_wconf 83' lang='lat' dir='ltr'>occasum</span> <span class='ocrx_word' id='word_1_147' title='bbox 853 2481 919 2560; x_wconf 82' lang='lat' dir='ltr'>ob·</span> <span class='ocrx_word' id='word_1_148' title='bbox 988 2473 1001 2498; x_wconf 56' lang='lat' dir='ltr'>s</span> 
     </span>
     <span class='ocr_line' id='line_1_25' title="bbox 59 2580 919 2672; baseline -0.003 -13"><span class='ocrx_word' id='word_1_149' title='bbox 59 2584 162 2663; x_wconf 83' lang='lat' dir='ltr'>tinet.</span> <span class='ocrx_word' id='word_1_150' title='bbox 214 2580 418 2660; x_wconf 87' lang='lat' dir='ltr'>Aristotelis</span> <span class='ocrx_word' id='word_1_151' title='bbox 444 2607 525 2661; x_wconf 77' lang='lat' dir='ltr'>aevo</span> <span class='ocrx_word' id='word_1_152' title='bbox 555 2583 771 2672; x_wconf 85' lang='lat' dir='ltr'>duodecim,</span> <span class='ocrx_word' id='word_1_153' title='bbox 789 2584 919 2660; x_wconf 81' lang='lat' dir='ltr'>Virro·</span> 
     </span>
     <span class='ocr_line' id='line_1_26' title="bbox 58 2681 918 2786; baseline -0.006 -26"><span class='ocrx_word' id='word_1_154' title='bbox 58 2684 219 2764; x_wconf 76' lang='lat' dir='ltr'>nivem</span> <span class='ocrx_word' id='word_1_155' title='bbox 234 2683 367 2786; x_wconf 81' lang='lat' dir='ltr'>viginti</span> <span class='ocrx_word' id='word_1_156' title='bbox 392 2701 552 2784; x_wconf 85' lang='lat' dir='ltr'>quatuor</span> <span class='ocrx_word' id='word_1_157' title='bbox 571 2681 818 2771; x_wconf 71' lang='lat' dir='ltr'>deterritum,</span> <span class='ocrx_word' id='word_1_158' title='bbox 838 2682 918 2781; x_wconf 85' lang='lat' dir='ltr'>qui·</span> 
     </span>
     <span class='ocr_line' id='line_1_27' title="bbox 58 2777 918 2883; baseline -0.008 -24"><span class='ocrx_word' id='word_1_159' title='bbox 58 2783 126 2861; x_wconf 86' lang='lat' dir='ltr'>bus</span> <span class='ocrx_word' id='word_1_160' title='bbox 146 2780 290 2859; x_wconf 85' lang='lat' dir='ltr'>ultimis</span> <span class='ocrx_word' id='word_1_161' title='bbox 321 2785 389 2858; x_wconf 79' lang='lat' dir='ltr'>his·</span> <span class='ocrx_word' id='word_1_162' title='bbox 403 2785 630 2883; x_wconf 88' lang='lat' dir='ltr'>temporibus</span> <span class='ocrx_word' id='word_1_163' title='bbox 657 2781 778 2882; x_wconf 83' lang='lat' dir='ltr'>plures</span> <span class='ocrx_word' id='word_1_164' title='bbox 801 2777 918 2855; x_wconf 84' lang='lat' dir='ltr'>acces·</span> 
     </span>
     <span class='ocr_line' id='line_1_28' title="bbox 57 2882 919 2984; baseline -0.009 -23"><span class='ocrx_word' id='word_1_165' title='bbox 57 2882 204 2972; x_wconf 76' lang='lat' dir='ltr'>serum,</span> <span class='ocrx_word' id='word_1_166' title='bbox 224 2882 279 2958; x_wconf 85' lang='lat' dir='ltr'>ita</span> <span class='ocrx_word' id='word_1_167' title='bbox 304 2903 348 2956; x_wconf 94' lang='lat' dir='ltr'>ut</span> <span class='ocrx_word' id='word_1_168' title='bbox 366 2883 517 2984; x_wconf 80' lang='lat' dir='ltr'>triginta</span> <span class='ocrx_word' id='word_1_169' title='bbox 539 2885 697 2959; x_wconf 86' lang='lat' dir='ltr'>duorum</span> <span class='ocrx_word' id='word_1_170' title='bbox 721 2900 919 2959; x_wconf 88' lang='lat' dir='ltr'>numerum</span> 
     </span>
     <span class='ocr_line' id='line_1_29' title="bbox 16 2977 922 3083; baseline -0.008 -21"><span class='ocrx_word' id='word_1_171' title='bbox 16 2980 22 2991; x_wconf 80' lang='lat'>&#39;</span> <span class='ocrx_word' id='word_1_172' title='bbox 55 2983 256 3062; x_wconf 83' lang='lat' dir='ltr'>conficiant</span> <span class='ocrx_word' id='word_1_173' title='bbox 269 3029 284 3071; x_wconf 90' lang='lat'><strong><em>,</em></strong></span> <span class='ocrx_word' id='word_1_174' title='bbox 320 2983 382 3083; x_wconf 91' lang='lat' dir='ltr'>qui</span> <span class='ocrx_word' id='word_1_175' title='bbox 416 2982 546 3061; x_wconf 85' lang='lat' dir='ltr'>omnes</span> <span class='ocrx_word' id='word_1_176' title='bbox 572 2985 609 3058; x_wconf 92' lang='lat' dir='ltr'>in</span> <span class='ocrx_word' id='word_1_177' title='bbox 631 2977 762 3055; x_wconf 85' lang='lat' dir='ltr'>Rosam</span> <span class='ocrx_word' id='word_1_178' title='bbox 789 2998 922 3068; x_wconf 63' lang='lat' dir='ltr'>uento.</span> 
     </span>
     <span class='ocr_line' id='line_1_30' title="bbox 56 3079 922 3183; baseline -0.008 -23"><span class='ocrx_word' id='word_1_179' title='bbox 56 3106 139 3160; x_wconf 88' lang='lat' dir='ltr'>rum</span> <span class='ocrx_word' id='word_1_180' title='bbox 159 3082 325 3183; x_wconf 86' lang='lat' dir='ltr'>superius</span> <span class='ocrx_word' id='word_1_181' title='bbox 353 3101 599 3181; x_wconf 85' lang='lat' dir='ltr'>memoratam</span> <span class='ocrx_word' id='word_1_182' title='bbox 627 3081 757 3164; x_wconf 88' lang='lat' dir='ltr'>ordine</span> <span class='ocrx_word' id='word_1_183' title='bbox 780 3079 842 3167; x_wconf 86' lang='lat' dir='ltr'>suo</span> <span class='ocrx_word' id='word_1_184' title='bbox 868 3094 922 3167; x_wconf 89' lang='lat' dir='ltr'>di.</span> 
     </span>
     <span class='ocr_line' id='line_1_31' title="bbox 61 3179 922 3294; baseline -0.002 -30"><span class='ocrx_word' id='word_1_185' title='bbox 61 3200 249 3285; x_wconf 70' lang='lat' dir='ltr'>teruntur.</span> <span class='ocrx_word' id='word_1_186' title='bbox 300 3179 445 3294; x_wconf 65' lang='lat' dir='ltr'>catera</span> <span class='ocrx_word' id='word_1_187' title='bbox 463 3202 544 3260; x_wconf 86' lang='lat' dir='ltr'>tum</span> <span class='ocrx_word' id='word_1_188' title='bbox 566 3205 647 3286; x_wconf 86' lang='lat' dir='ltr'>quae</span> <span class='ocrx_word' id='word_1_189' title='bbox 669 3189 717 3286; x_wconf 82' lang='lat' dir='ltr'>ad</span> <span class='ocrx_word' id='word_1_190' title='bbox 735 3187 835 3293; x_wconf 78' lang='lat' dir='ltr'>globi</span> <span class='ocrx_word' id='word_1_191' title='bbox 848 3213 922 3270; x_wconf 70' lang='lat' dir='ltr'>ren</span> 
     </span>
    </p>
   </div>
   <div class='ocr_carea' id='block_1_3' title="bbox 864 3318 923 3376">
    <p class='ocr_par' dir='ltr' id='par_1_3' title="bbox 864 3318 923 3376">
     <span class='ocr_line' id='line_1_32' title="bbox 864 3318 923 3376; baseline 0.085 -5"><span class='ocrx_word' id='word_1_192' title='bbox 864 3318 923 3376; x_wconf 57' lang='lat' dir='ltr'>re·</span> 
     </span>
    </p>
   </div>
   <div class='ocr_carea' id='block_1_4' title="bbox 0 0 1048 3682">
    <p class='ocr_par' dir='ltr' id='par_1_4' title="bbox 0 0 1048 3682">
     <span class='ocr_line' id='line_1_33' title="bbox 0 0 1048 3682; baseline 0 2"><span class='ocrx_word' id='word_1_193' title='bbox 0 0 1048 3682; x_wconf 95' lang='lat' dir='ltr'> </span> 
     </span>
    </p>
   </div>
  </div>
 </body>
</html>
