2086 3682
133 148 217 238 152
355 210 384 249 Ι,
460 39 746 234 CopulVL'
867 186 872 192 .
1001 104 1007 149 ³

50 308 54 315 ‘
121 290 275 370 berem,
302 281 580 378 motionemque
606 272 836 354 labefallent.
877 275 993 373 Quod

130 409 224 462 vero
251 384 297 456 de
329 381 417 455 vino
453 404 527 472 non
563 377 645 455 latis
672 373 851 452 concollo
879 400 993 450 rema·

133 504 201 560 net
226 480 334 554 instar
355 503 497 579 vappa,
524 479 622 554 mille
646 476 828 551 malorum
853 474 900 548 ἃ·
917 498 991 550 mo·

132 580 319 658 lelliarum
346 581 450 693 origo
476 577 547 664 est,
578 579 736 653 maxime
761 571 785 648 fi
809 577 991 648 ventricu·

133 681 194 759 lus
220 676 372 754 debilior
397 685 448 751 lit.
518 683 643 777 Atque
672 678 757 749 hinc
788 671 993 773 graviffime

113 777 326 862 falluntur,
351 776 390 852 δι
416 777 476 852 fibi
499 778 708 876 imponunt,
720 774 783 873 qui
810 771 990 848 stomacho

132 859 317 954 laboranti
349 874 561 973 dolentique
594 898 660 975 per
691 866 819 948 v'inum
846 894 993 974 genero·

116 977 216 1051 'sum
242 973 425 1050 liberalius
449 973 618 1049 baustum
645 996 714 1048 nec
739 969 900 1048 dilutum
919 971 992 1045 sub·

84 1132 88 1139 ,
119 1075 257 1150 ¹veniri
279 1074 446 1160 creduut,
464 1094 600 1149 contra·
614 1069 779 1174 Apostoli
799 1074 993 1159 monitum,

167 1176 205 1248 ui
228 1173 429 1249 Timotheo
455 1171 626 1273 discipulo
660 1171 723 1247 suo
757 1171 795 1245 δι
820 1173 849 1245 E
876 1168 993 1271 iscopo

105 1198 395 1371 aequantibus
426 1263 695 1351 infirmitatibus
732 1270 831 1367 subje
869 1293 994 1344 oran·

116 1352 139 1469 ’ἦ
168 1380 253 1445 uam
280 1373 439 1470 prudens
464 1374 630 1447 Medicus
656 1369 784 1446 suafit=
806 1368 917 1444 Noli
942 1364 996 1443 ad·

139 1396 353 1573 lucquuam
381 1466 515 1559 bibere,
530 1467 599 1568 sed
622 1466 756 1545 modico
786 1471 875 1543 uino
888 1481 996 1543 utere

117 1600 123 1615 ⁴
134 1583 288 1673 propter
304 1564 519 1659 stomachum
550 1582 661 1645 tuum.
688 1571 754 1664 (c)
806 1568 995 1655 Secundo,

139 1692 286 1743 merum
305 1684 496 1755 meracum
510 1682 595 1744 'non
621 1669 735 1742 solum
764 1669 923 1768 corpori,
942 1665 997 1741 led

121 1766 181 1841 “bt
204 1769 319 1864 meriti
345 1766 541 1864 plurimum
568 1764 706 1854 officit,
740 1772 914 1867 quoniam
946 1787 998 1857 tu·

118 1864 346 1939 ··multuolos·
370 1865 656 1967 sulphureosque
679 1890 837 1966 vapores
876 1867 915 1942 δι
939 1869 997 1940 ha·

118 1962 229 2040 *litus
255 1963 374 2038 secum
401 1965 631 2055 circumfert,
668 1965 784 2042 scansus
810 1969 997 2043 interiores

117 2065 416 2164 exterioresque
443 2066 621 2151 obscurat,
645 2067 683 2142 ἃ
710 2067 852 2168 spiritus
879 2067 925 2140 ad
949 2066 997 2139 in·

116 2188 120 2197 ·
142 2162 333 2237 ordinatos
356 2184 480 2240 motus
507 2169 690 2253 concitat,
705 2167 777 2240 uti
802 2163 942 2240 funesta
963 2166 997 2238 in

119 2261 357 2336 ¹²temulentis
379 2264 545 2363 exempla
561 2263 786 2356 monstrant3
815 2267 905 2339 dum
918 2288 998 2339 con·

116 2381 202 2436 ·tra
228 2384 249 2434 a
274 2363 362 2436 vino
388 2364 512 2438 diluto·
531 2363 697 2439 alacritas
729 2368 897 2449 omnium
929 2364 998 2438 sen·

68 2556 72 2563 .
116 2459 273 2547 ··suum,
312 2462 419 2562 vigor
453 2464 588 2552 animi,
622 2462 856 2540 affectionum
897 2485 999 2564 grata

142 2560 340 2659 temperies
348 2561 425 2647 ‚s&
448 2563 576 2661 capitis
600 2588 644 2637 ac
668 2565 802 2662 ingenii
831 2563 999 2638 serenitas

129 2668 324 2759 *perpetua
341 2659 636 2736 subministratur.
699 2666 951 2758 Quamobrem
977 2659 1000 2735 sr

130 2757 273 2836 'scholae
282 2759 514 2836 Salernitanae
529 2761 715 2843 confilium
729 2761 851 2862 placet
861 2790 868 2830 ε
878 2765 952 2858 (d)

183 3002 191 3011 ,
227 2966 233 2983 “
244 2933 387 3015 Vinum
403 2929 454 3026 fit
468 2929 698 3032 clarumque,'
716 2943 835 3018 uetus,
854 2925 997 3023 subtile,

262 3090 265 3099 ·
382 3071 405 3101 ··
441 3066 669 3145 foratarum,

955 3185 995 3254 Ac

247 3208 586 3365 (ostiariorum.-
658 3269 726 3354 (d)
760 3265 900 3358 capas.
1006 3291 1008 3299 ·
