2086 3682
272 78 276 89 ¹
345 118 606 254 Grograpiria.
839 166 924 251 «155
989 99 996 111 ι

67 297 214 397 agmine
226 293 322 371 fusio
337 302 552 397 prodierunt
567 301 690 389 Gotti,
702 297 924 402 Οίὶῐοςοῑιί,Ι

67 417 281 495 caeteraeque
305 398 457 499 Europae
482 396 636 473 locustae.

136 540 275 618 Keissia
303 544 432 619 Suecia
456 569 516 618 am
543 540 711 619 iisiimum
743 543 812 622 sese
837 571 924 649 pan·

66 642 123 717 dit
147 640 335 734 Moscovioe
361 640 420 716 seu
443 569 566 740 Hasta
589 645 798 743 imperium.
859 646 925 723 Di·

66 745 187 816 tiones
220 743 258 831 in
283 742 428 839 Europa
459 734 581 845 censet
603 745 748 819 varias:
782 746 924 822 Mosco·

64 841 135 916 viae
172 863 345 940 magnum
388 842 605 931 Ducatum,
642 842 814 942 Laponiae
846 869 925 944 par·

66 959 165 1027 tem,
191 937 374 1015 Cusanum
397 964 581 1038 regnum,
613 941 702 1015 item
727 943 925 1039 Buigariae,

66 1038 260 1113 Livoniam
284 1038 411 1114 suecis
441 1060 606 1140 ereptam
622 1087 635 1128 ,
669 1044 850 1137 inguim,
887 1042 925 1141 cir
969 1063 972 1067 ·

66 1136 221 1214 Careliae
246 1159 397 1236 partem.
470 1139 512 1211 In
542 1137 624 1231 Asia
649 1153 739 1213 vero
766 1160 945 1240 occupat.

65 1236 238 1327 Astraeae
260 1261 437 1337 regnum,
476 1238 725 1319 Sumoiedam‚
749 1239 927 1317 Siberiurn
951 1282 958 1313 s

63 1337 103 1411 ἃ
128 1337 369 1412 Tartarorum
395 1337 551 1436 populos
578 1334 739 1416 diversos
775 1336 835 1439 fiiri
860 1338 927 1424 ve·-

64 1433 227 1535 &igales
285 1434 450 1513 Gentem
476 1436 564 1513 alias
589 1436 778 1511 barbaram
803 1438 923 1515 erudi·

62 1559 104 1608 re
129 1537 246 1628 coepit
278 1536 420 1611 Petrus⁴
437 1535 611 1623 Alexius,
645 1537 803 1636 Magnus
829 1538 923 1613 Cza·

63 1636 140 1708 rius
167 1632 397 1733 adpellatus,
433 1636 497 1735 qui
529 1634 698 1734 susceptis
722 1660 786 1736 per
809 1638 921 1713 Euro·

63 1756 150 1833 pam
186 1734 374 1809 itineribus
411 1738 512 1809 viros
547 1731 711 1822 dusios,
764 1735 929 1817 artifices·

63 1834 238 1931 peritos,'
253 1831 416 1930 aliosque
440 1833 597 1938 positicae
621 1835 674 1907 rei
699 1858 831 1933 gnarps
852 1838 925 1907 im-

63 1932 167 2030 perio
193 1929 256 2005 suo
282 1933 449 2019 invexit,
483 1956 559 2009 non
593 1931 664 2010 fine
690 1934 816 2032 grandi
841 1934 922 2030 ejus

64 2031 263 2105 commodo
289 2030 328 2105 &
353 2030 574 2131 Reipublicae
599 2032 862 2105 emolumento.
924 2088 930 2101 .

146 2202 182 2272 A
213 2194 332 2276 Ruffia
366 2200 405 2273 in
438 2195 621 2272 Poloniam
658 2194 853 2268 divertere
868 2194 932 2293 lu-⁸
974 2276 977 2280 ,

65 2298 150 2386 bet,
183 2299 246 2374 ubi
275 2297 423 2374 libertas
453 2298 491 2372 &
514 2297 591 2372 vita
617 2296 694 2396 pari
715 2292 817 2395 'passu
844 2315 921 2368 am·

64 2396 205 2473 bulaut.
260 2398 447 2475 Dividitur
469 2401 507 2471 in
530 2396 712 2490 Maiorem
739 2394 777 2468 &
801 2394 924 2469 Mino·

62 2520 142 2573 reru
175 2525 183 2566 ε
226 2515 399 2594 praeterea
430 2499 468 2572 in
492 2498 658 2574 Ducatus
685 2493 722 2567 ἃ
743 2493 918 2573 Palatina·

63 2616 125 2673 tus
150 2594 310 2692 majores
342 2594 508 2695 septem,
540 2596 648 2687 inter
667 2617 759 2691 quos
783 2595 926 2683 emines

59 2718 219 2794 magnus
242 2695 445 2769 Lithuaniae
472 2696 665 2778 Ducatus,
689 2692 820 2791 quibus
841 2714 921 2767 om·

59 2797 167 2875 nibus
193 2794 337 2869 aceedit
360 2792 460 2871 feudi
487 2793 635 2867 nomine
653 2787 864 2867 Curlundia.

68 3042 71 3049 ,
144 2962 171 3035 E
198 2960 353 3040 Poionia‘
377 2980 482 3061 patet
507 2956 694 3034 descensus
727 2958 764 3030 in
790 2974 927 3028 cruen··

64 3076 144 3133 tum
176 3060 329 3136 Turcici
371 3061 501 3136 Martis
530 3060 744 3143 theatrum,
784 3051 935 3141 scilicet,

60 3156 319 3267 Bergusium,
352 3170 430 3259 quae
440 3159 499 3335 Igu
526 3154 784 3287 Superiorem,
808 3152 932 3333 {pipp

501 3279 521 3350 5
900 3293 916 3317 ι
