2086 3682
29 180 33 187 ,
135 152 204 245 -50
403 119 532 242 Caput
556 115 640 210 ΗΛ·
667 112 790 235 Ratio

126 294 212 368 ‘nas
234 301 357 387 partes
381 282 600 370 inflammat,
614 281 674 359 vei
699 284 788 358 dum
798 279 927 383 -soiidae
942 300 1007 358 aut

145 387 293 488 liquide
332 404 456 486 partes
493 382 725 482 putredinem
763 401 1006 483 conuertere,

145 485 209 564 vei
240 488 278 560 in
299 482 392 560 ναῦς
418 474 621 582 sanguineis
645 504 777 557 carnea
804 476 1005 559 moles-ac·

146 583 295 670 crescit,
321 606 432 679 quam
455 579 632 680 polypum
655 602 864 668 vocamus,
889 580 929 657 δι
951 604 1004 656 ar·

138 686 274 774 retiati
295 683 474 768 obturat,
506 681 559 754 ita
591 698 639 753 ut
666 676 847 781 sanguinis
874 700 1003 755 vmotus

74 788 76 793 ’
147 783 271 860 omnis
297 780 414 855 subito
440 777 609 854 siletur·
639 778 698 853 Sic
722 780 935 879 contingere
948 779 1005 854 vi·

146 880 339 957 demusin
363 878 523 954 sontium
548 876 672 974 aquis,
703 899 783 975 quae
807 899 875 976 per
899 900 1003 965 euna·

146 979 203 1054 ies
226 989 381 1065 meant,
414 999 459 1052 uc
482 973 627 1060 fluviis,
653 990 746 1075 quos
771 974 880 1050 litora
904 998 1006 1051 coer·

139 1095 254 1169 „cent3
282 1075 458 1175 quamdiu
485 1074 584 1149 enim
608 1071 774 1149 celeriter
796 1073 1003 1174 &expedi-

147 1178 187 1251 t'e
209 1194 418 1271 moventur,
441 1171 584 1247 nullum
609 1172 652 1247 iis
674 1172 891 1272 corruptele
914 1175 1004 1275 peri·

147 1271 275 1350 cuium
298 1274 492 1347 imminet:
519 1290 559 1346 at
581 1271 645 1344 ubi
669 1295 731 1347 aer
756 1290 823 1358 aut
841 1271 918 1346 aliae
936 1268 1003 1347 soe·

147 1395 210 1449 ces
236 1369 305 1469 sese
327 1369 530 1471 insinuant,
555 1369 619 1470 qui
641 1389 789 1448 motum
815 1368 1002 1449 retundunt

44 1482 50 1490 “
146 1472 416 1572 hebetantque,
442 1467 547 1544 saeiie
572 1489 858 1569 corrumpuntur
880 1490 1005 1569 aqum

146 1594 193 1647 ac
216 1568 334 1646 veluti
357 1570 598 1644 emoriuntur.
648 1564 816 1645 Prosestn
831 1569 925 1645 bene
941 1590 1001 1645 or·

146 1670 274 1745 dinatu
298 1668 478 1768 sanguinis
505 1666 672 1742 circuitio
697 1667 838 1743 alienus
856 1669 1002 1755 noxiu

146 1790 223 1866 que
242 1765 449 1865 particulas,
465 1762 572 1840 ‘forte
594 1767 632 1841 in
649 1777 784 1867 corpus
808 1786 1002 1869 penetrau-

56 1888 59 1897 ·
95 1930 97 1935 .
145 1883 217 1953 tes,
234 1865 352 1965 seque
362 1862 592 1940 ‚humoribus
618 1862 825 1953 miscentes,
842 1888 923 1966 quoe
936 1890 1000 1969 pu·

144 1966 299 2040 tredinis
331 1964 467 2039 vitium
502 1960 643 2041 adferre
680 1962 847 2065 possent,
879 1964 1000 2043 secum

143 2064 275 2149 evehit
301 2084 412 2164 atque
434 2062 594 2162 expellit
642 2062 791 2164 Quippe
810 2088 897 2145 cum
927 2063 998 2143 san·

144 2166 228 2264 guis
253 2166 291 2238 in
313 2186 447 2263 gyrum
469 2161 590 2237 eundo
616 2180 684 2239 ¹tot
714 2161 874 2251 diversas
900 2163 998 2265 glan·

145 2259 251 2337 dulas
289 2259 328 2336 ἃ
366 2280 489 2356 partes
527 2256 770 2360 purificationi
806 2262 997 2339 destinans

145 2362 322 2437 continuo
349 2380 536 2458 permeare
561 2358 704 2446 debeat,
730 2381 924 2439 remanent
944 2364 995 2437 im

104 2524 107 2529 .
144 2480 305 2534 numerae
335 2455 521 2556 particule
555 2455 697 2545 filine,
731 2457 932 2559 sulphurem
954 2482 995 2536 ac

143 2555 352 2729 pruinosae,
383 2579 464 2656 quae
497 2558 651 2659 turbata¹
667 2557 868 2635 humorum
891 2582 994 2660 repu-

170 2655 238 2731 lica
263 2655 390 2737 mustis
414 2658 550 2747 morbis
573 2674 718 2753 portam
747 2660 948 2759 aperirent,
972 2654 1020 2731 fii

140 2752 263 2831 masse
292 2752 496 2854 'sanguinent
526 2756 664 2833 diutius
688 2753 991 2844 udhaerescerent‚

143 2876 215 2929 nec
236 2853 346 2928 celeri·
374 2853 461 2942 iilo,
487 2852 533 2928 de
557 2877 636 2952 quo.
658 2856 756 2943 dixi,
786 2876 895 2934 motu
909 2856 992 2933 sau·

143 2953 265 3054 guinis
289 2954 550 3053 abriperentur,
576 2954 615 3028 &
634 2976 710 3055 per.
724 2957 887 3057 eorporis
901 2979 990 3033 mea·

130 3070 213 3129 ttus·
230 3051 324 3126 soras
354 3054 586 3151 ejicerentur.
649 3054 790 3133 Petro.
816 3053 1003 3158 sanguinis·

143 3151 312 3230 circuitio
325 3146 667 3233 finniffiuumillud
682 3150 988 3256 vinculumquud

1036 3182 1040 3283 i

1030 3376 1040 3552 i
