2086 3682
127 129 215 221 234
465 60 593 216 Caput
629 93 708 188 Χ.’
835 155 843 179 ,

124 285 243 354 teret,
275 284 386 364 quam
418 258 600 378 paudere,
633 258 758 336 fitam
792 258 902 341 multi
926 261 974 339 in·

122 367 339 449 veniantut,
368 383 430 459 qur
457 360 549 434 adeo
574 356 822 459 periculosum,
842 370 976 438 rnunrrs'

121 465 161 541 in
187 465 221 539 se
247 460 464 559 suscipiunt,
497 480 540 532 ac
571 455 734 558 profiteri
763 482 840 534 non
871 461 978 555 dubi·⁴

122 581 220 653 tant,
242 557 440 635 nescientes
458 576 644 656 quantum
669 557 707 632 id
736 556 789 646 stt,
815 561 917 659 quod
937 562 973 636 in

121 661 157 736 se
184 657 388 759 suscipiunt.
461 657 599 734 Audite
628 655 735 752 juvat
765 658 838 732 hac
863 661 913 735 de
934 682 993 746 re¹

120 760 291 842 Plinium,
317 754 389 854 (x)
414 746 582 872 quamvis
606 754 685 844 int,
704 755 768 856 qui
792 758 970 857 iniquiore

105 858 157 935 in
183 856 349 933 Medicos
380 873 502 929 annno
536 854 702 954 quadam
740 849 908 954 scripsisse
931 856 968 931 il·

117 956 195 1031 lum
221 954 395 1030 credant:
423 951 557 1055 ,Itaque
584 952 705 1052 inquit
731 975 786 1028 me
814 952 967 1030 Hercule

56 1056 66 1063 ’
116 1058 156 1135 in
180 1048 244 1128 hac
267 1053 404 1126 artium
420 1049 502 1145 fida
521 1052 583 1144 est,
611 1066 654 1128 ut
681 1056 809 1130 cuicun
854 1053 965 1128 (Me-

113 1150 232 1231 dicum
244 1149 287 1245 fe
306 1147 458 1251 profeffl>
480 1149 667 1241 credatur,
699 1174 780 1228 cunr
798 1077 859 1245 ll
896 1154 964 1226 eri·

113 1250 229 1345 culum
256 1253 303 1349 'in
327 1248 418 1324 nullo
449 1245 625 1326 mendacio
657 1246 782 1350 mrpar.
898 1251 963 1326 ulla

104 1365 282 1457 praterea
304 1346 382 1434 lex,
412 1369 485 1450 qua
507 1351 635 1447 punine
666 1344 848 1439 inliitiaem
869 1353 962 1451 capi·

110 1451 246 1539 talem,
276 1444 407 1524 nullam
431 1446 621 1548 exemplum
646 1445 820 1523 rrindiliae.
875 1449 960 1526 Dis·

107 1563 195 1627 cant
211 1545 384 1650 periculis
406 1547 553 1634 civium,
578 1544 625 1625 θ’
647 1549 959 1647 experimenta'per

107 1663 239 1725 mortes
269 1659 393 1747 agunt.
465 1645 562 1719 Hinc
597 1643 778 1745 sapienter
806 1665 956 1721 cautum

104 1746 156 1825 est
177 1748 215 1820 in
236 1741 442 1820 Academiis
470 1742 562 1818 bene
586 1746 758 1831 moratis,
783 1764 828 1820 ut
847 1768 953 1822 nemo
985 1766 989 1775 ·

103 1846 211 1929 inea
236 1841 423 1919 Facultate
455 1840 526 1918 slne
556 1841 799 1946 rigorostfflmn
830 1846 954 1920 acin·

102 1963 282 2025 temerato
317 1943 482 2018 examine
514 1939 687 2042 praernislo
720 1944 766 2017 ad
791 1941 951 2020 lauream

97 2040 282 2135 Doiioris,
310 2040 428 2115 multo
455 2041 574 2116 minus
600 2041 647 2115 ad
672 2040 879 2117 professoris
896 2068 949 2118 ca·

99 2143 268 2220 thedram
305 2142 548 2216 admittatur:
585 2140 648 2213 ubi
679 2163 754 2213 non
793 2137 948 2217 dissimu-

96 2240 204 2321 landa
229 2239 333 2316 venit
364 2237 641 2339 Magistratuunr
670 2238 758 2312 hinc
786 2239 873 2317 inde
896 2243 947 2316 in·

97 2339 308 2444 dulgentia,
339 2338 404 2438 qui
427 2358 492 2438 pro
519 2336 664 2414 modico
688 2336 791 2412 lucro
820 2339 945 2416 Circu-

92 2440 229 2519 latores
254 2436 292 2511 dr
316 2445 473 2535 Agyrtas
498 2460 562 2537 per
586 2437 720 2536 oppida
753 2436 790 2511 δι
817 2439 945 2521 civita·

92 2562 150 2619 tes
174 2535 317 2641 grassari
344 2536 562 2633 permittunt
580 2534 630 2631 ¹in
654 2532 839 2634 publicam
865 2540 950 2638 per-¹

91 2643 243 2726 uitium,
278 2635 364 2709 dum
392 2633 488 2708 male
513 2631 667 2710 credulis
698 2659 743 2709 ac
764 2636 942 2712 inconsul-

89 2744 138 2819 tis
164 2742 211 2814 de
231 2731 338 2838 plebe
372 2732 579 2810 hominibus
609 2730 726 2808 nescio
761 2757 843 2833 quae
873 2735 941 2813 ale·

87 2842 321 2943 xipharmaca
345 2831 383 2906 ὅ(
412 2833 608 2910 medicinas
634 2834 804 2909 adversus
830 2858 940 2911 omne
1003 2848 1010 2881 ²

88 2941 208 3021 morbi
241 2954 357 3037 genus
373 2940 375 2944 ‘
394 2930 582 3032 presentes
624 2951 938 3109 certasquedven·
1004 2952 1009 2997 s

752 3056 755 3063 '
847 3054 936 3124 unt,

165 3203 238 3287 rx)
263 3178 395 3284 urar·
424 3195 560 3301 mu„
597 3216 600 3229 ·
