2086 3682
57 117 193 237 '316
350 106 353 111 ⁵
437 118 565 239 Caput
604 121 682 213 Vl.

103 282 200 359 forte
223 281 512 371 adventantium
554 286 734 386 impetum
783 284 965 360 exercitus

107 380 196 457 esset
222 379 387 468 securus,
411 384 476 484 qui
505 385 605 460 binas
627 388 723 461 inter
743 384 969 459 munitionen

48 493 55 499 '
106 476 188 557 istas
207 479 325 554 divisis
352 479 566 557 stationibus
589 484 627 557 ἃ
650 481 800 558 castellis
818 478 990 557 conotus

109 579 166 657 sus
198 582 295 654 vires
326 578 405 654 suas
435 581 563 657 omnes
596 582 768 657 obfidioni
793 581 965 682 urgenda

107 681 158 756 im
186 677 297 752 endit.
366 680 444 753 Has
471 682 664 756 exercebat
690 682 847 781 primum
881 702 992 780 pro·-

78 814 82 818 ·
112 703 184 851 tuf
199 776 338 864 iundis,
368 777 561 853 balistis&
582 778 794 880 catapultis,
820 778 964 878 sagitta·

40 888 43 895 ‘
108 899 192 951 rum
218 874 449 951 srrxorum'&
476 881 619 979 integro
645 874 824 952 miililium
847 878 966 951 imbre

106 977 145 1049 in
166 976 355 1050 civitatem
373 976 664 1087 quaquaversum
683 976 806 1062 effuso,
832 1000 876 1050 ne
888 997 962 1074 qut

105 1071 209 1149 locus
228 1074 410 1174 eruptioni
422 1096 602 1248 ¹pateret:
628 1097 707 1151 tum
736 1077 884 1190 propius
902 1096 961 1148 ac·

108 1173 294 1260 cedentes,
309 1173 419 1273 ‚sugge
451 1199 493 1249 us
510 1175 548 1249 &
568 1198 719 1277 aggeres
739 1175 961 1260 excitabant,

55 1328 66 1346 ,,
107 1273 241 1369 quibus
263 1290 401 1346 'turres
439 1273 613 1374 imposrtae
649 1275 696 1348 ad
725 1273 961 1371 impetendos

106 1370 250 1443 eminus
263 1366 485 1460 defensores,
510 1375 740 1471 tuendosque
768 1369 876 1458 ilios,
895 1371 960 1470 qui

107 1470 263 1543 cratium
292 1491 336 1544 ac
368 1468 588 1545 testudinum
620 1494 691 1571 ope
724 1471 768 1544 ad
797 1471 993 1589 agendos-

97 1567 296 1643 cunicqus
321 1566 443 1643 senfim
468 1569 819 1669 appropinquavere.
886 1568 959 1649 ubi

24 1678 28 1685 '
103 1664 256 1765 spatium
286 1667 427 1741 civitati
454 1670 663 1769 proximum
692 1666 769 1739 fuit»
799 1689 958 1838 occupa·

104 1782 209 1852 tum,
226 1762 467 1839 successerunt
488 1764 623 1863 plutei,
647 1765 762 1839 vinear
788 1788 831 1838 ae
846 1769 900 1838 tei
918 1790 958 1839 u·

7 1874 9 1879 '
101 1863 204 1939 dines
215 1862 345 1963 lignea
361 1863 611 1938 admotorum
627 1861 864 1938 fundamenta
879 1862 956 1939 sebss

98 1964 249 2051 ruenda,
268 1961 399 2037 arietes
413 1970 457 2038 a‘c
480 1963 631 2039 terebrae
647 1964 693 2038 ad
711 1986 774 2037 eos
794 1961 955 2061 quaffa'n·

97 2062 166 2135 dos.
180 2062 475 2158 dejiciendosque
490 2090 497 2132 ι
515 2080 634 2139 turres
648 2062 800 2136 mobiles
816 2060 980 2135 'actm->⁴

30 2215 34 2221 ·
98 2158 218 2235 satiles
246 2160 291 2235 ad
315 2161 563 2237 deturbandus
582 2160 833 2262 praefidiarios:
853 2161 954 2234 deni·

9 2311 11 2315 «
97 2281 172 2358 que
199 2253 224 2334 fi
247 2257 378 2334 civitas
397 2257 530 2335 obsessa
556 2261 756 2336 etiamnum
781 2256 952 2356 potestati

95 2356 336 2431 obiidentium
368 2356 638 2459 se'pernrittete
654 2356 859 2443 recusabat,
899 2377 953 2432 te-

98 2453 257 2530 studines
281 2451 444 2533 scutariae
474 2481 517 2533 ac
535 2454 633 2533 scalae
649 2459 761 2528 muris
783 2454 953 2531 conscen-

95 2552 234 2647 dennis,
261 2555 542 2655 superandisque
574 2552 763 2652 adplicatae
783 2552 951 2635 fuerunt.

95 2655 228 2755 Neque
243 2650 359 2729 solum
372 2660 610 2748 tetrae,'aquae
624 2650 664 2726 δι
685 2654 776 2728 aeris
791 2651 950 2729 elemen-

96 2771 156 2839 ta,
175 2752 235 2826 sed
258 2752 322 2828 &i
375 2750 472 2826 isio
486 2745 678 2837 subsrdium
703 2769 855 2827 vacatus
884 2750 945 2827 est

27 2874 30 2879 ’
98 2850 295 2963 Multiplex
439 2868 479 2923 as
508 2850 743 2926 vomentium
761 2851 949 2927 machina·
994 2908 998 2915 -

93 2971 177 3022 rum
200 2954 317 3051 genus
336 2947 628 3045 expediebatur:
663 2946 761 3025 faces
781 2970 956 3024 commu·-

91 3070 159 3125 nes
187 3071 208 3122 e
228 3046 338 3163 picot
359 3042 490 3133 larice,
521 3067 587 3124 aut
600 3049 719 3151 abiete
737 3045 945 3125 manufun·

21 3238 24 3243 Ι
92 3148 212 3251 daque
225 3142 454 3243 paciebantio
466 3147 583 3224 moles
597 3147 838 3251 propinquate
854 3147 945 3321 rpei-

881 3271 942 3325 eo·
