2086 3682
316 102 489 261 commis
516 136 700 232 humanis
888 172 943 261 73

85 291 248 383 ‘runica
284 304 355 380 issa
398 305 503 381 velut
544 308 627 403 ripae
662 327 736 380 tres
774 303 948 381 humores

96 424 288 481 coercent:
313 408 450 504 primus
473 404 523 477 est
547 428 685 505 aqueus,
697 402 763 504 qui
777 426 948 479 corneam

96 508 193 581 inter
225 506 262 577 dt
292 502 493 603 processum
528 504 686 604 ciliarem
720 526 832 591 eam,
867 524 949 674 (pute

98 604 325 706 protuberat,
343 603 440 676 oculi
490 622 605 675 artem
632 602 796 696 inundat.
846 605 880 675 A
894 622 951 675 ter

84 702 318 803 'crystallinus
345 702 389 775 fic
414 625 543 787 digus,
555 700 639 797 quia
655 698 770 799 figura
794 700 949 799 inequa-

97 800 182 877 liter
209 807 385 885 convexa,
413 799 591 873 soliditate
616 798 750 899 aliqua,
775 799 813 873 δι
837 798 952 899 peliu-

98 901 251 975 ciditate
263 895 422 974 maxima
439 897 642 997 crystallum
658 899 841 971 imitatur:
853 900 954 973 hunc

98 999 311 1075 membrana
336 994 552 1086 tenuiffima,
576 1018 687 1113 quam
714 997 952 1071 araneam'seu

97 1091 343 1173 arachnoidem
381 1115 542 1180 vocant,
588 1094 797 1171 involutum
835 1100 950 1172 tenet.

98 1194 250 1271 Tertius
276 1194 326 1269 est
351 1198 508 1281 vitreus,
532 1197 689 1283 humor,
720 1197 783 1293 qui
819 1198 855 1267 in
881 1220 951 1283 ea,

101 1319 175 1395 qua
201 1295 331 1371 oculus
355 1296 389 1367 in
418 1297 542 1369 orbem
569 1295 661 1380 abit,
689 1314 793 1395 parte
816 1292 954 1393 stagnat

102 1396 200 1467 uitro
225 1392 302 1468 fuso
329 1392 468 1481 fimiiis,
502 1395 699 1468 admodum
725 1392 953 1493 diophanto,

104 1490 323 1593 &pellicula
344 1491 461 1593 subtili
487 1488 704 1591 (hyaloidem
722 1493 955 1587 'dicunt)ue''·

101 1579 217 1666 stitus.
281 1592 452 1665 Machina
478 1593 555 1664 haec
581 1590 662 1666 sane
687 1588 884 1676 mirabilis,
903 1599 957 1678 'tit

88 1692 141 1767 'in
165 1714 312 1767 ornnem
339 1715 362 1791 g
389 1692 458 1765 rari
483 1700 623 1791 partem
651 1709 779 1791 queat,
795 1688 854 1766 sex
875 1692 957 1763 nid·

101 1779 209 1863 sculis
234 1788 402 1863 instru'a
427 1788 501 1866 est:
537 1786 701 1888 fitperbo,
722 1792 784 1889 qui
805 1786 955 1864 oculum

89 1884 265 1970 'attollir‚
295 1882 431 1979 humili,
446 1890 509 1981 qui
533 1890 731 1983 deprimit,
763 1883 957 1975 bibitorio,

86 1986 168 2087 'qui
196 1980 344 2057 oculum
371 1980 618 2080 ad'angulum
643 1985 788 2056 natibus
803 1986 957 2058 adfitum

87 2082 282 2167 adducit,
318 2100 361 2154 ut
393 2080 489 2155 inter
513 2080 709 2154 bibendum
735 2078 812 2155 freti
840 2080 956 2170 sciet:

90 2180 376 2284 indignatum,
427 2180 465 2255 ui
490 2180 537 2253 ad
558 2176 762 2281 oppositum
788 2182 960 2279 'utrinque

105 2279 282 2381 angulum
305 2302 369 2355 eos
389 2204 550 2365 aidane,
560 2278 719 2355 maxime
732 2296 958 2379 tunc,quum

90 2382 358 2481 ⁴indignamur,
386 2377 575 2453 amatoriis
598 2379 761 2465 duobus,
784 2374 846 2478 qui
871 2379 960 2464 dcti-

107 2478 186 2553 ium
225 2481 261 2552 in
293 2500 424 2578 gyrum
459 2496 601 2578 agunt,
636 2478 675 2552 dt
706 2476 960 2553 blandimentis

106 2577 325 2655 deserviunt.
396 2578 477 2675 Jarn
512 2575 672 2672 expofita
703 2578 801 2651 oculi
828 2578 962 2652 fabrica

106 2676 257 2776 quaestio
283 2679 428 2776 exurgit
453 2700 513 2749 rua
540 2676 795 2773 noquondam
824 2677 962 2776 opinio·

94 2781 198 2861 fnum
225 2770 466 2849 diffidentium
502 2698 652 2873 ἐπρίω
679 2776 843 2875 agitata,
878 2797 966 2889 qua·

107 2898 193 2950 nam
224 2874 387 2972 in‘parte
410 2873 498 2948 visio
526 2870 602 2956 fiat.
681 2871 764 2951 Post
797 2873 966 2947 Scherne·

107 2996 191 3049 rum
229 2975 262 3046 S.
296 2974 329 3073 J.
363 2973 400 3048 &
429 2970 636 3050 Wiliifium
678 2964 968 3051 communiffima

107 3096 209 3147 nunc
234 3069 283 3145 est
309 3070 507 3158 sententia,
548 3072 705 3147 tunicam
723 3068 853 3143 'retina
886 3094 970 3168 pro·

108 3175 232 3275 prium
254 3168 348 3245 iilius
366 3192 544 3345 organupn
568 3166 657 3247 erse:
682 3172 845 3273 inprimis
869 3172 968 3245 enim

550 3290 572 3363 5
887 3291 967 3349 onn-
