2086 3682
327 76 588 254 Gangropltla.
837 160 921 252 117
968 210 972 215 .

61 290 331 366 rentesxnollri
362 296 524 393 paradiso
556 284 661 388 eiedi
697 290 934 385 habitarint,'

60 389 183 480 rursus
211 388 327 466 altum
346 393 484 489 *silente
517 398 551 467 S.
578 397 764 493 Scriptura
789 418 847 470 res
869 398 922 473 est
1000 454 1004 467 .

58 490 168 566 valde
196 492 379 590 ambigunt
456 494 582 567 Placet
616 516 743 567 eorum
776 499 920 593 opinio,

59 593 119 688 qui
145 591 332 666 Adamum
359 614 443 666 cum
471 593 629 691 conjuge
656 590 716 665 sua
742 616 839 681 eum,
856 598 920 693 qul

59 693 214 788 primam
240 689 433 765 formando
459 696 604 790 corpori
633 693 823 767 materiam
843 694 920 767 sub·

61 789 299 876 ministravit,
333 815 461 889 agrum
490 817 510 865 a
536 791 698 866 Paradilo
725 817 799 865 non
825 795 920 869 adeo

62 909 245 964 remotum
272 889 458 962 incoluilse
485 908 700 978 autumant,
733 893 795 965 ubi
821 912 919 969 terra
950 929 952 932 ·

62 991 103 1064 ob
129 989 372 1088 congenitum
396 988 456 1084 libi
474 990 624 1060 rubrum
645 988 806 1062 colorem
823 996 921 1066 Ada-

62 1111 116 1165 tna
158 1084 220 1162 seu
255 1087 482 1161 Damascena
515 1106 681 1160 vocatur.
757 1086 921 1165 Polleros

63 1210 184 1273 autem
217 1188 349 1260 Adami
381 1183 625 1286 multiplicata
656 1185 765 1286 stirpe
800 1189 921 1264 varias

61 1291 197 1364 vicinas
221 1284 412 1384 occupasse
436 1289 619 1384 regiones,
641 1308 685 1359 ac
709 1288 817 1359 urbes
837 1290 922 1361 an·

61 1385 206 1473 ficaffe,
239 1406 284 1458 ut
307 1389 537 1459 commodius
562 1410 603 1460 ac
628 1385 786 1471 securius
812 1387 923 1486 dege·

60 1509 97 1563 re
122 1487 275 1573 liceret,
302 1487 377 1560 nori
400 1485 550 1558 obscure
576 1487 699 1584 prodit
724 1485 843 1558 Moles
868 1485 920 1561 fa·

62 1584 116 1662 ua·
143 1606 326 1661 terrarum
359 1582 492 1670 Edem,
530 1585 668 1672 Chus,
706 1584 882 1659 Herilath
903 1588 931 1673 ‚¹

60 1684 186 1772 Adur,
224 1683 262 1757 ἃ
292 1684 379 1755 Nod
405 1684 604 1757 mentione.
682 1685 734 1756 Ex
769 1686 929 1761 urbibus
948 1712 959 1722 ··

60 1776 227 1862 omnium
266 1783 380 1883 prima
410 1783 480 1856 luit
512 1782 706 1868 Henoch‚
745 1808 765 1855 a
798 1785 920 1859 Caino

62 1880 270 1970 exstruere,
307 1906 517 1980 nomenque
552 1881 653 1985 suum
686 1883 730 1954 ab
754 1882 920 1978 ejusdem

61 1984 133 2060 filio
163 1982 311 2068 sortita,
346 2004 426 2079 quae
458 1981 532 2054 fors
556 1980 771 2066 ‘etiamnum
802 1981 931 2056 existit?

60 2085 130 2161 alio
156 2079 323 2181 insignita
348 2080 525 2164 nomine,
567 2076 701 2149 scilicet
729 2082 921 2168 A'nuchta,

61 2184 168 2281 cujus
196 2179 416 2255 Ptolomaeus
442 2176 509 2272 (l)
539 2177 575 2248 in
601 2175 752 2274 regione
778 2174 923 2278 Sufiaoa
951 2206 956 2231 ³

60 2283 251 2360 collocatae
277 2279 456 2352 meminit.
508 2276 667 2348 Subinde
687 2275 923 2376 cataclysmo,

62 2384 244 2485 qui'pene
270 2398 391 2452 totum
426 2400 542 2478 genus
578 2377 780 2448 humanum
814 2375 923 2451 sullu-

64 2478 473 2571 lit‚'cellanteNoemus
501 2499 585 2547 cum
611 2475 757 2573 reliquis
777 2498 798 2549 e
817 2501 923 2551 mon·

65 2584 160 2657 tibus
185 2584 320 2654 Ararat
349 2572 388 2648 ln
420 2572 612 2668 subiectam
635 2573 820 2668 majorem
854 2580 925 2649 Ar.

66 2683 224 2758 meniam
244 2673 464 2759 descendit,
501 2674 545 2747 ad
583 2672 740 2771 Tigridis
776 2674 813 2746 δε
852 2677 924 2747 liu·
1034 2731 1038 2740 .

66 2781 202 2884 phratis
229 2790 347 2857 oras,·
378 2775 497 2847 donec
528 2770 607 2868 post
643 2770 784 2868 aliquot
808 2790 924 2845 annos

64 2885 265 2957 interram
290 2877 423 2948 Senaat
449 2874 655 2970 complures
686 2867 828 2944 familiae
856 2871 931 2941 mia‘

66 2982 204 3081 gratint
217 3024 232 3064 ,
265 2974 453 3075 regionem
486 2971 600 3044 totius
625 2968 790 3052 Orientis
817 2965 929 3140 falcile

270 3108 273 3112 ’
818 3090 843 3141 u
869 3090 929 3142 eru
