2086 3682
169 181 182 195 ..
228 38 232 47 =
274 106 329 196 H
328 50 460 223 istorio
488 103 681 220 Muthe'stt
867 139 927 227 39

470 307 537 381 IX.

160 427 207 500 ln
230 427 414 528 Europam
439 429 556 504 redire
584 428 723 525 juvat,
763 431 827 505 ubi
859 429 924 506 ali·

64 527 244 629 quamdiu
277 526 339 601 sub
370 530 620 625 Romanorum
654 531 924 629 Imperatorum

63 623 229 727 auspiciis
255 624 417 705 claruisse
441 627 620 702 Mathefin
645 627 813 704 diximus'.
846 630 924 725 Ve-

61 748 143 799 rum
191 752 214 799 a
247 751 352 827 nouo¹
377 725 491 828 usque
521 729 567 800 ad
602 727 785 802 decimum
809 729 923 828 quin·

59 843 140 899 tum
168 822 331 907 seculum
355 828 459 902 bouae
485 847 582 902 artes
602 827 640 901 δι
657 826 922 927 scientiae,ptae·

60 922 184 998 sertim
212 927 485 1001 Mathematicae
500 921 517 1014 ,'
546 921 671 1027 paffim
688 926 831 1026 ¹spretae
847 950 923 1002 no-

36 1022 265 1139 plenaque
285 1026 513 1120 jacuerunt:
548 1051 569 1099 e
603 1026 761 1101 tenebris
793 1034 922 1103 tam'en

41 1122 127 1198 ulis
153 1129 288 1224 exigua
311 1128 477 1223 quaedam
503 1123 746 1200 Astronomiae
781 1123 845 1199 lux
869 1123 923 1200 af·

57 1218 166 1299 fulfit.
243 1225 490 1304 Patrocinium
530 1225 650 1300 eidem
682 1223 854 1311 indulfit,
882 1224 922 1301 ἀ

57 1321 163 1396 velut
189 1324 303 1422 patria
330 1346 513 1401 extorrem
550 1321 648 1399 teEio
675 1325 823 1425 excepit
847 1326 929 1401 Ca?

57 1422 159 1496 tolus
213 1424 266 1497 M.
308 1426 399 1524 imp.
440 1419 714 1512 inviuiffimus,
750 1426 800 1500 do
840 1447 920 1524 quo
959 1480 961 1487 -

56 1523 289 1623 Eginhartus.
314 1520 385 1621 (a)
423 1523 599 1612 testatur,
626 1524 729 1624 quod
752 1544 849 1600 artes
874 1523 920 1599 li·-

58 1620 199 1719 berales
225 1620 468 1698 studiofissime
492 1623 671 1708 coluerit,
698 1623 736 1697 &
751 1621 813 1696 sub
830 1646 919 1723 prae·

57 1718 276 1795 stantissrmis
311 1723 598 1823 Praceptoribus
630 1724 739 1798 Petro
764 1716 889 1796 Piuno
903 1771 917 1812 ,

56 1819 242 1908 Alcuino,
268 1820 307 1894 δι
332 1822 499 1898 Diacono
526 1822 572 1897 de
597 1822 781 1909 Britannia
806 1824 918 1896 Saxo·

53 1942 123 2007 ne,
151 1906 427 2010 Grammaticae,
448 1922 671 2008 Rhetorica,
694 1917 917 2008 Dialeffltae,

52 2020 240 2118 praecipue
280 2039 406 2095 tamen
444 2019 681 2095 Astronomiae
720 2018 917 2104 ediscenda·

53 2117 255 2218 plurimum
279 2120 317 2194 δι
341 2120 519 2220 temporis
556 2118 595 2191 &
619 2115 753 2192 laboris
778 2118 918 2217 impen-

54 2218 178 2305 derit,
216 2218 269 2293 ita
302 2236 348 2292 ut
372 2239 451 2293 arte
486 2215 725 2315 computandi
759 2236 802 2289 ac
831 2215 918 2289 fide·
972 2274 975 2279 .

53 2340 138 2393 rum
166 2316 289 2393 curius
318 2317 491 2393 metiendi
517 2314 740 2392 excelluerit.
815 2312 917 2389 Huic

15 2478 19 2485 .
55 2416 148 2491 alius
181 2419 389 2516 imperator
417 2419 550 2519 merito
582 2415 816 2517 jungendus,
842 2414 916 2488 Fri·
969 2417 972 2422 “

56 2516 199 2593 doricus
224 2517 284 2603 112,
300 2518 365 2615 qui
391 2516 487 2590 circa
511 2533 649 2592 annum
681 2514 753 2591 Ch.
783 2536 915 2610 1230.

55 2639 128 2691 uon
167 2613 285 2691 solum
322 2613 591 2690 Astronomiam
621 2610 834 2691 amore'suo
861 2607 916 2687 fa·

55 2737 221 2815 roreque
260 2713 409 2829 diguam
433 2704 608 2802 censuit,
642 2712 701 2789 sed
739 2706 914 2787 rarissimo

56 2832 135 2888 tum
161 2812 341 2914 temporrs
368 2810 617 2929 exemplo'ad
639 2813 719 2908 ejus
742 2809 918 2885 notitiam

56 2908 114 2989 fibi
127 2898 414 3015 comparandam
428 2930 592 2987 animum
606 2910 761 3010 adjecit·
783 2911 915 3081 Quunp

867 3030 889 3082 a

151 3126 226 3217 (a)
258 3128 300 3200 In
321 3064 464 3216 ejuratio
478 3127 612 3213 δαμῇ.

446 3246 531 3343 04
