2086 3682
11 121 17 138 Χ
98 151 164 250 28·
211 130 215 140 ⁴
406 140 653 260 Coputli·

1 388 4 401 ‚
97 329 170 405 que
198 276 362 380 &rientis
384 305 542 404 populis,
568 308 690 380 itaut
714 323 861 405 tempus
877 309 952 403 hoc

98 401 308 486 Matheseos
344 424 478 502 quarta
512 402 681 504 periodus
722 408 953 508 migrationis

98 504 232 581 merito
256 505 457 602 nuncupari
487 501 605 603 poffit.
675 505 851 603 Equidem
879 509 952 582 Ro-

96 600 168 677 mae
192 602 317 701 primis
337 602 556 701 Reipublicae
584 607 815 700 temporibus
834 629 950 706 parvo
977 606 982 643 '⁴

99 719 179 776 erat
199 702 236 774 in
250 701 368 800 pretio
395 701 515 776 isthac
539 701 718 777 scientia·
746 705 842 794 Nam
861 727 951 804 gens

97 797 185 889 ista,
218 799 306 879 iicet
329 799 403 894 iam
428 799 502 875 late
527 800 801 890 dominaretur,
831 803 874 876 iis
897 801 951 878 so·

96 897 181 990 lum
202 897 393 999 disciplinis
425 888 573 1001 operam
606 901 743 986 dabat,
778 923 856 1001 quae
883 902 951 974 lm·

95 998 186 1100 perii
211 996 576 1086 administrationem,
602 1000 639 1074 ὅ(
663 998 840 1074 bellorum
864 999 952 1076 alio·

95 1120 254 1196 rumque
294 1097 525 1196 publicorum
568 1101 801 1202 negotiorum
842 1100 950 1173 ratio-

95 1220 182 1291 nem
221 1196 348 1297 juvare
394 1216 589 1295 poterant,
626 1202 764 1270 caeteris
805 1195 949 1272 otniffis.

96 1294 322 1372 Observavit
337 1296 410 1369 hoc
434 1292 567 1370 Cicero
593 1296 656 1387 (r)
682 1294 888 1369 luculenter
903 1298 950 1370 de

62 1392 64 1396 '
95 1394 262 1473 Mathefi.
331 1395 416 1482 „ln
442 1391 581 1468 summo
607 1395 772 1481 honore,
805 1393 949 1490 inquit,
979 1474 986 1489 Ι

94 1496 237 1595 „apud
264 1492 661 1575 Graecos,GeometrIa
681 1489 752 1565 fuit
776 1519 784 1561 :
821 1493 950 1591 itaque

95 1639 124 1683 „
141 1591 230 1666 nihil
265 1591 536 1668 Mathematicis
561 1589 740 1670 illustrior.
811 1596 859 1666 At
883 1616 950 1666 nos

94 1693 310 1784 „metiendi
326 1688 639 1788 ratiocinandique
657 1689 817 1764 utilitate
833 1690 948 1796 inspe-

94 1837 121 1883 „
136 1787 325 1880 &emejus
349 1789 436 1863 artis
462 1790 737 1863 terminavimus
751 1789 948 1879 modurn„

94 1889 240 1986 Nempe
266 1888 421 1967 Romani
440 1885 611 1962 libentius
643 1891 751 1962 armis
776 1890 813 1962 δι
834 1890 951 1963 domi·

6 2046 10 2053 .
93 1988 314 2072 nioterram
348 1987 631 2079 metiebantum
653 2011 762 2086 quam
797 1989 949 2087 pedibus

93 2087 340 2188 geometricis.
416 2088 558 2160 Verum
590 2088 652 2160 ubi
683 2105 876 2184 coeperunt
905 2087 948 2159 ii·

34 2276 55 2287 „
87 2181 179 2259 'dem
202 2181 327 2286 'paffim
352 2185 388 2257 in
414 2185 596 2260 Graeciam
623 2189 804 2281 traiicere,
825 2186 949 2284 ibique

93 2284 272 2360 bonarum
292 2285 424 2356 artium
441 2284 558 2359 veluti
578 2286 877 2363 nundinationem
895 2285 949 2357 in·

93 2381 241 2459 stituere
256 2429 269 2469 ,
304 2381 478 2459 nonime
509 2383 611 2481 lucro
638 2378 833 2467 doctrina,
868 2383 948 2455 Ma-

91 2483 310 2576 thematicus
345 2504 492 2581 quoque
528 2477 727 2578 diiciplinas
763 2478 800 2550 in
832 2478 947 2578 impo-
990 2521 992 2527 ·

92 2583 189 2658 tium
214 2579 316 2654 suum
343 2582 591 2656 advexerunt:
624 2599 704 2748 Fuae
722 2578 872 2669 'Quarta
887 2602 947 2676 pe-

91 2681 218 2757 riodus
240 2680 437 2768 Mathefis,
461 2680 600 2753 Latinae
637 2675 767 2757 cilicet,
793 2675 863 2749 dici
882 2701 948 2777 po·
982 2681 985 2688 '

89 2777 170 2867 test.
243 2779 358 2862 Certe
388 2773 531 2851 Tullius
564 2774 632 2872 (s)
671 2775 807 2872 Caium
832 2779 959 2876 Sulpi.

86 2880 185 2960 tium
209 2877 335 2965 multis
357 2873 501 2954 extoilit
524 2873 719 2960 laudibus,
750 2894 947 2975 narratque

92 2974 211 3057 visum
245 2975 345 3056 fuisse
386 2975 521 3070 Caium
558 2973 658 3049 hunc
687 2966 803 3051 studio
832 2976 948 3152 dmg}

125 3096 128 3101 ·
275 3119 278 3124 -
791 3138 792 3142 ,
831 3095 908 3150 tren

204 3172 271 3254 (r)
303 3192 331 3239 r.
368 3117 507 3252 tuscus
536 3198 539 3207 =

42 3320 48 3347 r
110 3286 120 3299 “’
162 3266 177 3327 ἕ
208 3275 336 3362 (ote
358 3273 464 3340 Coton.
481 3272 600 3360 Major.
630 3271 703 3356 cip.
715 3291 763 3354 19.
