2086 3682
400 128 659 246 Astronomia.
901 135 991 251 4⁶2

130 292 201 369 iles
223 293 320 368 oriri.
392 295 498 369 Forte
536 294 693 368 totidem
724 291 932 395 Principum
956 296 996 372 &

133 396 279 493 Regum
304 390 368 467 filii
394 415 438 467 eo
465 390 539 491 ipso
565 391 685 467 seculo
709 395 786 493 nati
809 392 911 482 sunt,
939 415 995 470 to·

130 494 246 594 tidem
273 492 372 589 pacis
406 491 547 591 soedera
581 489 800 579 constituta,
834 493 993 571 totidem

71 652 74 661 .
129 589 291 666 vidion'ae
325 588 449 666 relata
490 590 528 663 in
563 588 710 666 diverfis
748 590 847 667 orbis
883 594 993 692 parti·

129 692 223 774 bus3
255 709 370 788 atque
392 690 445 766 ita
470 687 599 786 aequali
629 690 709 784 jure
749 689 821 764 dici
873 689 991 782 offet,

128 807 295 865 cometas
327 786 398 863 effe
427 808 538 869 omen
562 789 703 863 mundo
729 785 830 862 fausti
860 810 989 865 imum.

77 892 79 896 '
127 890 228 964 Nam
247 906 350 963 extra
367 886 520 960 dubium
546 882 611 973 est,
636 886 674 960 in
699 905 782 962 toto
810 908 992 965 terrarum

98 1054 105 1075 ,
126 989 243 1075 orbe,
277 1008 385 1087 quem
425 1008 510 1061 cum
537 985 684 1083 reliquis
702 985 810 1081 astris
834 989 992 1062 circum·

125 1105 219 1161 eant
261 1085 428 1163 Cometa
470 1085 603 1157 eodem
654 1105 852 1184 tempore,
914 1108 989 1186 qua

125 1183 438 1358 aiibissgraisantur
463 1181 609 1256 sumnaae
636 1182 889 1274 calamitates,
926 1182 989 1261 ali·

123 1285 258 1359 biee

124 1403 165 1458 aa
187 1380 292 1457 velut
324 1384 362 1456 in
387 1383 514 1456 orbem
544 1378 704 1456 fortuna
729 1375 987 1460 viciffitndine.

120 1480 183 1561 Est
211 1482 260 1557 .&
298 1480 397 1557 aliud
437 1499 693 1572 commentum
733 1504 862 1558 eorum
877 1529 892 1570 ,
917 1487 989 1580 'qui

85 1652 88 1657 .
121 1580 259 1657 voiunt
295 1597 479 1655 cometam
512 1576 564 1653 illi
581 1578 740 1678 .regioni
765 1579 999 1680 porteiidere'

121 1673 298 1769 finistrum
333 1702 474 1768 omen,
510 1678 569 1752 cui
603 1679 758 1754 caudam
788 1680 985 1756 obvertit:

121 1776 188 1854 sed.
224 1800 272 1854 ex
303 1778 435 1878 opticae
473 1777 659 1878 principiis
694 1797 798 1878 patet
839 1779 985 1865 vanitas

119 1876 234 1975 hujus
258 1875 447 1977 praesagii‚
474 1898 592 1972 quum
614 1875 755 1976 semper
779 1879 934 1953 caudam
960 1902 986 1955 a

70 2023 83 2067 -ς
118 1976 195 2053 soie
218 1978 381 2055 aversam
406 1968 486 2070 post
519 1971 553 2044 se
581 1975 715 2049 trahat.
783 1975 877 2068 lliud
901 1975 984 2051 ion·

76 2140 82 2149 .
118 2078 167 2179 g'e
198 2077 335 2152 certius
373 2094 418 2147 ex
450 2066 652 2144 Annalibus
683 2070 847 2167 eruitur,
884 2070 984 2149 ultra

99 2264 103 2273 ,
144 2175 409 2274 nadringentos
436 2168 483 2245 ab
502 2168 592 2243 orbe
617 2169 768 2249 condita
783 2168 982 2275 ,hucusque

117 2198 299 2355 &metas
321 2265 533 2372 adparuisse.
690 2338 694 2343 .
738 2338 746 2345 .
819 2308 824 2317 ·
912 2272 919 2299 ²
953 2328 956 2333 .

292 1278 466 1359 latiffirna
501 1282 640 1381 quaevis
673 1282 862 1382 auspicia,
899 1306 991 1359 eun·

203 2470 210 2487 Ι
