2086 3682
135 142 192 260 56
451 134 580 254 Caput
606 134 665 235 ΙΙ,

41 312 45 321 “
136 299 446 389 Chambericnfis,
469 300 531 382 suo
557 318 601 375 ut
622 316 759 383 vocant
775 299 893 374 Cursu
911 302 989 375 Μα,

135 396 336 486 thematicd
364 402 401 475 in
423 420 583 499 quatuor
605 401 755 475 omnino
779 400 919 475 Tomos
942 402 994 475 di·

23 554 25 565 .
134 494 289 587 uincto,
322 524 343 577 e
378 523 453 596 quo
490 522 557 578 ceu
591 496 694 575 fonte
727 497 889 597 plerique
915 497 995 599 post

134 600 146 689 i
175 596 250 673 sum
275 600 456 693 majurum
474 598 641 697 genti-um
654 598 908 683 Mathematici
929 600 995 672 dn.-

135 623 255 777 dlrinae
292 699 393 773 rivos
429 697 644 779 ubertimos,
664 721 707 773 ac
732 692 995 795 limpidilfimos

133 795 343 885 hauserunt.
423 793 677 876 Hunotificum
711 806 860 895 quoue
899 798 1026 893 iuter¹

45 900 52 915 '
135 897 253 979 atatis
289 894 421 971 'nostrae
465 897 667 997 praecipuus
719 896 801 971 Mat
828 917 994 981 umatum

48 1000 53 1005 ’
135 993 310 1071 Cultotes
352 993 475 1081 locum
517 993 577 1067 fibi
608 992 853 1079 vendicarunt
886 996 991 1072 Nica·

134 1093 203 1169 ssus
230 1093 499 1191 Grammatici,
533 1092 802 1178 Tridentium,
837 1094 876 1166 de
899 1093 995 1192 Jose·

134 1196 230 1295 phus
253 1193 374 1278 Falck,
391 1192 588 1278 Helve‘tus,¹
604 1216 762 1289 quotum
786 1192 885 1289 prior
901 1191 996 1293 posta

165 1318 250 1367 uam
291 1290 413 1390 plures
450 1289 642 1363 cathedras
682 1291 922 1365 Academiea's
957 1293 996 1366 in

134 1316 336 1466 germania
363 1389 517 1465 scientia
551 1386 620 1461 suae
640 1390 749 1464 radiis
775 1388 995 1484 illustravit,

134 1491 336 1571 Madritum
375 1490 555 1563 invitatus
598 1489 704 1588 Regii
742 1490 995 1565 Mathematici

133 1612 271 1663 munus
296 1587 522 1687 aliquamdiu
548 1581 676 1695 gestit:
704 1608 834 1686 prater
852 1586 921 1662 alia
941 1590 995 1675 iu·

61 1692 65 1698 “
134 1688 245 1787 figula
261 1687 477 1762 eruditionis
498 1686 702 1787 specimina
717 1689 833 1763 edidit
852 1686 995 1763 metho-

133 1789 223 1861 dum
255 1810 421 1874 novam‚
458 1809 530 1884 qua
551 1785 634 1860 solis
659 1810 703 1860 ac
728 1786 824 1861 lunae
846 1787 1007 1889 eclipses!

29 1957 31 1962 .
133 1887 308 1986 organice
333 1886 371 1959 ln
396 1883 504 1984 plano
531 1884 877 1986 delinearipollunt
893 1913 904 1959 a
919 1884 996 1986 pla·
1034 1966 1037 1973 ,

132 1984 359 2059 netolabium
404 2007 582 2071 novum,
629 2010 672 2061 ac
710 1984 995 2061 dissertationem

130 2082 424 2173 Astronomicam
461 2084 675 2162 duratione
703 2084 908 2191 corrigendi
940 2104 997 2183 ty÷

131 2190 201 2283 poi
225 2184 264 2259 dt
289 2181 449 2258 calculos
473 2180 658 2281 eclipssum
682 2182 763 2259 solis
801 2208 845 2259 ac
868 2183 995 2271 lunae',

131 2281 266 2381 quibus
291 2281 442 2381 aliisque
469 2304 605 2361 nomen
628 2279 819 2355 acutillimi
853 2282 997 2356 Mathu-

132 2381 259 2454 maticl
283 2382 380 2477 apud
405 2378 571 2454 literatos
592 2376 745 2479 publicis
771 2378 911 2468 tabulis,
933 2380 996 2455 fibi
1023 2444 1026 2449 .

42 2492 44 2505 ·
133 2480 349 2578 promeruit.
401 2476 596 2567 Posterior,
621 2475 683 2548 ubi
707 2498 773 2576 per
796 2474 918 2578 plures
932 2502 994 2552 ant

130 2600 200 2651 nos
220 2575 404 2652 scientiam
425 2579 522 2650 hanc
541 2578 578 2651 in
598 2574 799 2659 Academia
822 2575 996 2677 lngolsta·

131 2677 241 2761 dienfi
264 2674 439 2778 profelsus
465 2674 540 2761 est,
567 2675 605 2747 in
624 2673 758 2749 Aulam
781 2678 994 2753 Bavaricam

130 2775 351 2864 translatus,
377 2773 591 2857 eruditionis
615 2771 762 2854 laudem
784 2777 847 2851 ubi
873 2799 921 2849 ue
936 2796 1017 2857 tu-‚

129 2874 175 2949 lit
200 2878 399 2961 maxImam
435 2896 511 2947 non
537 2868 652 2959 solum
680 2872 814 2973 Mundo
841 2801 994 2968 dhilosu-

124 2968 243 3075 phiec,
269 2999 381 3092 quem
405 2972 443 3051 i'n
465 2970 586 3057 lucem
612 2971 757 3062 edidit,
792 2974 994 3065 mathema·

67 3154 69 3159 ,
129 3075 211 3159 ticis
258 3072 410 3155 c1meliis
451 3070 565 3169 probe
613 3095 821 3161 exornato,
861 3096 993 3159 verum

79 3250 82 3255 .
128 3175 242 3261 etiam
262 3174 308 3269 ,ὃς
336 3170 398 3261 vel
428 3171 588 3261 maxime
620 3168 828 3269 dodissmis
858 3171 994 3345 plutu-
1033 3238 1039 3247 .

860 3292 993 3360 *tatto-
