2084 3698
37 197 41 202 ,
85 149 180 235 eto.
270 124 273 127 “
332 166 335 171 ·
390 117 520 238 Capul
555 96 683 210 ‘VIII
786 39 791 47 ι

92 336 117 361 .,
161 280 361 385 Pnlpr'rorio
376 282 506 371 cordis,
516 306 591 382 quo
606 280 693 357 sort‘i
711 278 856 379 systoles
870 306 946 368 mo·

86 404 133 459 tu
148 385 390 465 vehementer
405 384 444 481 dr
459 406 545 457 cum
560 384 703 481 impetu
717 403 782 457 cot
803 403 947 471 contra·

85 483 204 571 mour,
217 482 366 581 quando
386 478 559 566 nimitum
574 481 709 556 tenetis
724 479 893 577 eiusdem
908 481 949 557 fi-

86 582 165 656 bris
184 581 333 656 irritatis
358 581 558 659 accedente
583 577 719 681 spasmo
743 580 958 681 irrumpens,

86 677 234 787 seoguis
251 678 390 752 diutius
403 699 597 779 quam'ppar
608 676 672 765 eil,
687 678 725 777 in
742 680 853 759 corde
873 702 951 756 mo·

88 778 207 873 ratur,
222 774 435 877 &stagnare
451 778 523 852 incl
551 780 590 851 it.
638 775 763 867 Plures
777 774 951 854 numerat

89 870 214 953 sontes
225 877 375 950 morbus
390 876 479 976 hic,
524 876 646 952 cillcet
663 875 724 952 vel
744 876 951 978 hydropem

91 975 300 1083 pericardii‚
324 973 386 1051 v'el
407 974 553 1051 vermes
579 978 673 1051 intra
712 978 949 1065 ericardiunt,

90 1072 153 1149 vel
177 1070 383 1171 nascentem
397 1072 609 1176 polypum,
644 1000 710 1163 vei
738 1072 950 1177 sanguinem

90 1166 286 1261 iltiltum,
311 1174 492 1275 nimisque
518 1171 798 1274 turgescentem.

90 1388 94 1397 ,
164 1314 521 1419 Desiqtiamom‘mi,
546 1321 647 1420 quod
669 1319 839 1405 Aurelius
851 1318 971 1416 solu·¹

90 1417 224 1493 tionem
237 1432 398 1506 natura,
421 1417 626 1496 Paracelsus
646 1415 762 1499 cordis
768 1414 950 1519 paralystn

91 1510 141 1592 ἔφ’
152 1513 295 1611 falaren
314 1512 535 1612 microcosmi
552 1515 756 1617 adpellant,
785 1517 837 1594 est
860 1543 949 1617 prae·

91 1632 180 1714 ceps
204 1614 416 1716 subitusque
446 1618 581 1697 virium
612 1618 776 1692 omnium
808 1616 948 1718 lapsus,

91 1734 178 1789 curn
199 1714 301 1812 pulsu
319 1738 496 1789 venarum
512 1717 710 1789 admodum
731 1718 849 1803 tenui,
873 1716 950 1793 vel·

91 1815 147 1884 uti
163 1812 436 1909 diffugientibus
456 1813 542 1886 vitae
558 1810 757 1911 spiritibus,
779 1817 878 1890 unde
893 1838 948 1892 to·

92 1927 173 2011 tum
198 1931 331 2027 corpus
358 1908 502 2009 eclipsin
529 1913 677 2011 patitur.
747 1913 948 1991 Graviores

91 2009 240 2084 morbos
262 2031 299 2083 m
314 2009 417 2182 apris
427 2009 584 2083 multum
600 2009 796 2086 debilitatis
810 2012 871 2088 vel
889 2038 947 2090 co·

91 2108 269 2194 miratur,
295 2132 342 2183 ve
382 2112 599 2197 antecedit,
628 2109 688 2184 vel
707 2109 948 2211 subsequitur,

92 2206 181 2280 dum
203 2204 343 2306 sanguis
361 2205 510 2281 effoetus
531 2208 568 2282 δι
587 2210 625 2281 in
644 2231 801 2309 vappam
824 2213 948 2287 abiens

92 2327 136 2379 ac
157 2303 344 2403 spirituum
377 2327 505 2404 expers
525 2306 700 2406 languet,
728 2329 872 2384 motum
898 2335 950 2387 ue

90 2404 268 2502 deperdit.
320 2404 555 2504 Hippocratis
585 2405 736 2481 effatum
761 2407 837 2482 est:
871 2336 951 2509 {ui

83 2501 359 2603 frequenter&
380 2497 595 2578 vehementer
611 2508 710 2578 citra
728 2507 948 2599 manifestant

91 2599 238 2695 coafflrm
252 2604 369 2675 animo
383 2600 567 2703 linquunt,
595 2600 774 2704 derepente
790 2610 948 2681 morian·

94 2714 170 2774 tur.

166 2839 386 2943 thylorcatio
403 2842 482 2939 lastr
499 2843 550 2920 est
568 2847 718 2924 morbus
738 2852 947 2944 ¹ventriculi,

94 2943 183 3017 dum
205 2967 278 3020 non
302 2947 373 3019 rite
392 2943 606 3021 alimentum
628 2953 847 3048 concoquit,
878 2976 948 3050 nec

94 3044 216 3115 debita
239 3045 375 3142 gaudet
400 3041 640 3119 fermentandi
663 3048 818 3139 virtute,
846 3052 948 3150 quod

90 3141 202 3221 variis
223 3141 344 3222 modis
362 3141 560 3242 contingit,
578 3142 638 3221 vel
653 3168 700 3220 ex
719 3146 863 3223 deseClu
883 3149 946 3250 spi·

505 3292 511 3303 .
903 3270 946 3318 n·
