2086 3682
210 171 477 299 adsuuiiui'cm
494 158 797 297 conservantium.
872 203 956 303 189

99 357 181 425 cein
207 351 303 424 hanc
326 347 509 425 affemnt:
532 349 596 423 aiii
619 351 698 442 iam
716 351 754 424 in
778 369 886 426 aetate
898 351 957 446 ju·

97 449 212 525 venili
253 447 423 523 licentius
454 452 616 524 vivendo
648 449 782 522 bonam
815 469 959 549 partem

64 603 67 607 J
96 548 258 625 sanitatis
278 545 604 647 peffumdederunt
621 573 639 618 ε.
667 544 726 622 aiii
755 545 957 625 studiorum

70 677 74 682 ’
96 648 332 746 aliorumque
349 646 526 742 laborum
555 647 792 722 contentione
822 647 956 737 nimia,

95 745 158 821 vel
182 744 370 821 indomitis
399 748 509 823 animi
542 746 738 848 patematis
775 743 959 839 valetudi-

95 847 153 919 nis
177 847 310 920 vitium
333 848 703 922 commueret-etiam
726 842 793 934 ilii,
808 845 872 943 qui
889 867 956 920 au·

96 944 188 1020 stera
213 944 295 1019 satis
320 943 473 1022 dietase
494 942 696 1020 defendunt
712 963 842 1021 contra
855 966 957 1021 mor·

94 1044 227 1120 borum
251 1041 422 1132 insultus,
456 1065 522 1120 aut
545 1042 661 1118 lusam
686 1040 876 1118 sanitatem
898 1066 956 1120 re·

93 1163 235 1243 parant,
260 1145 483 1244 quandoque
507 1144 647 1219 lenibus
672 1143 956 1219 medicamenti·

93 1242 271 1341 indigent,
286 1243 417 1342 quibus
443 1264 576 1345 corpus
604 1261 821 1341 expurgent,
843 1242 881 1316 &
898 1239 956 1316 fo·

94 1344 251 1423 mentis,
284 1342 415 1440 quibus
440 1363 578 1419 naturae
604 1339 788 1416 deficienti
814 1338 957 1416 succur-

93 1461 187 1514 rant.
252 1445 293 1516 in
318 1442 389 1516 hec
413 1462 539 1516 autem
566 1441 753 1517 communi
789 1439 953 1538 tristique

91 1535 303 1616 neceiiitate
320 1539 486 1638 quaedam
505 1541 655 1616 maximi
672 1540 852 1615 momenti
872 1561 956 1639 pro·

93 1638 139 1712 be
163 1640 324 1713 notanda
348 1639 515 1715 veniunt.
567 1640 747 1716 'Primum
776 1635 851 1725 est,
885 1635 955 1713 fre·

92 1756 267 1834 quentem
300 1738 566 1816 medicatorum
601 1739 827 1839 potionum,
863 1736 956 1813 fimi·

89 1835 255 1928 iiumque
280 1839 536 1915 vehementius
560 1838 821 1914 evacuantium
845 1834 953 1913 usum

90 1926 228 2045 pestem
245 1928 315 2003 eise
329 1935 494 2029 corporis
510 1935 548 2008 δι
568 1934 740 2009 inuitatis.
791 1935 956 2010 Ovidius

84 2053 165 2132 ¹Jam
192 2027 279 2102 oiim
300 2029 474 2129 cecinite
704 2091 707 2096 .

138 2165 141 2169 .
194 2192 418 2298 Temporibus
435 2187 610 2273 nudicina
628 2192 747 2274 ualet:
767 2187 853 2272 data
868 2148 953 2273 teni·

415 2334 506 2430 pore
516 2316 692 2421 prostent,

256 2439 310 2518 Ee
343 2438 430 2520 duta
470 2466 541 2518 non
571 2455 655 2544 apto
681 2440 844 2544 'tempore
867 2439 957 2517 vina

422 2578 559 2642 nocent·
972 2591 974 2596 ’

89 2709 265 2786 fatentur
284 2707 345 2787 vei
370 2710 432 2812 ipfi
448 2710 585 2793 Medici
605 2710 746 2786 cordati
769 2732 814 2801 uc
833 2706 956 2811 periti,

87 2832 202 2888 omne
227 2812 556 2897 medicamentum,
583 2810 824 2911 quantumvis
856 2806 957 2881 bian-

80 2909 157 2982 uiri
189 2909 359 2984 videatur
384 2932 481 3010 aegro
508 2911 665 3011 corpori,
685 2906 815 2984 afferie
831 2903 954 2982 secum

87 3005 195 3080 velut
216 3004 440 3107 scorpionem
464 3012 501 3085 in
528 3009 645 3083 cauda
670 3029 856 3085 uenenum
894 3004 956 3078 aii-

87 3109 220 3204 quod,
245 3107 304 3180 ieu
331 3108 407 3183 vim
428 3108 659 3195 irritantem,
688 3107 883 3205 iepticam‚
909 3125 954 3178 uc

78 3205 336 3304 ,eliqumteim
373 3227 453 3307 quae
477 3208 614 3284 viscera
637 3205 849 3308 aggreditur
853 3250 878 3377 ἆ
910 3201 949 3278 ἃ

880 3323 945 3379 um
