2086 3682
370 134 630 253 Astrommr'a.
872 166 958 257 453

100 302 255 379 fixarum
278 328 288 373 ε
313 300 562 399 Copetnicani
587 322 634 377 ex
657 299 842 473 principiis
867 307 961 403 opti·

101 405 156 477 cis
178 399 367 476 ostendere
393 419 586 488 conantur,
612 397 744 489 solem,
781 423 792 472 1
819 426 840 475 a
865 422 963 480 terra

101 501 258 577 eandem
282 523 366 573 cum
394 496 473 573 fixis
511 496 715 579 distantiam
743 496 875 575 nasius
909 500 962 577 es·

101 599 167 688 set,
193 596 292 673 stella
316 598 492 694 majorem
519 596 636 675 visum
660 621 737 675 non
754 597 809 675 iri.
859 602 959 697 Qua·

100 723 141 773 re
168 695 323 772 fixarum
346 699 506 775 maxima
543 695 668 773 saltem
733 719 791 772 ars
826 698 961 775 hocin

100 794 292 873 sstemate
324 794 386 871 soii
411 797 665 899 magnitudine
699 721 758 872 suia
795 822 871 873 non
905 822 962 873 ce·

101 823 185 971 (Etr
218 896 262 968 ¹in
287 894 503 995 Tychonico
529 916 654 971 autem
683 894 881 971 secundum
909 896 961 973 di·

101 992 270 1071 stantiam
297 995 455 1093 primum
488 991 707 1092 explicatam
743 992 852 1075 stellae
886 1020 965 1071 om·

98 1118 170 1185 ,nes
198 1092 312 1167 essent
340 1090 410 1169 soie
434 1095 605 1169 minores.
652 1097 711 1169 An
737 1094 861 1173 au'tem
884 1094 981 1191 aliur.-

98 1192 172 1285 ¹sint
196 1190 274 1268 aliis
301 1193 460 1289 minoret
483 1192 705 1288 majoresve,
728 1190 835 1294 plane
860 1195 966 1295 igno·

97 1315 239 1382 ramus.
311 1294 492 1389 Quamvis
528 1293 625 1367 enim
662 1292 828 1392 quaedam
860 1292 966 1369 nobit

99 1390 259 1487 majores
284 1410 505 1493 appareant,
531 1390 624 1467 latet
649 1416 717 1468 nos
744 1412 888 1481 tumen,
916 1415 966 1475 an

101 1514 179 1566 non
211 1489 333 1565 minor
367 1518 389 1584 a
421 1489 553 1566 tellure
583 1488 749 1567 distantia
780 1491 821 1569 srt
854 1514 966 1595 appt-

100 1589 219 1667 tentis
239 1589 350 1683 huius
377 1588 638 1689 magnitudinis
653 1586 800 1667 caussaa
825 1588 965 1691 aliquas

102 1688 203 1765 enim
230 1710 356 1763 earum
380 1688 460 1767 aliis
491 1691 711 1765 remotiores
744 1688 814 1765 esse
846 1688 966 1767 multa

100 1788 269 1889 produnt
292 1786 445 1877 indicia,
466 1788 662 1889 praesertirn
685 1786 875 1867 observata
901 1812 965 1871 to·

99 1887 189 1979 ,dem
203 1888 242 1961 in
259 1884 370 1962 sidere
387 1886 648 1987 magnitudinis
663 1888 836 1963 varietas.
874 1886 967 1965 Cer·

101 2004 149 2077 te¹
164 1982 287 2081 siclin,
317 2006 399 2082 quae
423 1986 463 2058 in
486 1983 581 2061 coilo
607 1986 694 2061 Ceti
719 1984 840 2059 sedem
865 1984 966 2073 fixit,

90 2084 197 2163 'rium
218 2084 422 2159 maximum
445 2082 585 2157 emittit
603 2079 829 2180 splendorem
844 2080 969 2180 (quod

101 2206 371 2283 nonnunquam
397 2180 494 2258 ultra
520 2182 682 2352 guinque
713 2180 791 2255 dies
825 2181 969 2270 contin·

131 2284 201 2381 it)
241 2280 377 2358 stellam
413 2280 521 2357 secun
549 2301 578 2355 ae
618 2278 882 2381 magnitudinis
913 2300 968 2359 re·

104 2306 201 2461 serre
224 2379 283 2456 sed
302 2381 365 2456 ubi
379 2378 546 2481 splendor
563 2378 739 2480 temporis
754 2373 973 2477 succesfione

147 2484 156 2500 ⁰
185 2481 318 2567 uitur,
365 2480 513 2555 tandem
539 2478 682 2555 'oculos
721 2470 968 2559 infidiantium

104 2505 261 2659 mnino
285 2576 524 2681 subterfugit,
549 2576 718 2678 latetque
743 2602 809 2679 per
834 2579 969 2658 ducen-

103 2674 183 2757 ¹tos'
205 2679 446 2781 quadraginta
480 2678 587 2753 dies:
628 2674 774 2794 pristino
818 2677 970 2753 demum

88 2776 245 2882 fulgori
268 2774 347 2881 post
372 2796 556 2854 trecentos
597 2776 747 2879 trrginta
772 2795 847 2854 tres
872 2775 971 2851 resti·

106 2880 250 2965 tuitur,
277 2900 354 2951 nun
380 2901 466 2954 uam
490 2896 614 2954 tamen
641 2874 737 2953 ultra
759 2895 913 2957 centum
931 2874 970 2953 &

106 2979 157 3055 tri
183 2980 262 3053 inta
289 2902 520 3074 conipicuam
547 2974 580 3050 se
603 2975 752 3075 praebet.
826 2976 970 3051 Interea

99 3003 263 3163 sufflant
288 3075 477 3175 quotidie,
509 3093 709 3153 aetertum
742 3071 972 3155 benefacien-

109 3176 159 3275 5¹⁰
173 3177 405 3257 circumeunt
430 3171 594 3363 cpplpstes
614 3174 669 3252 hae
688 3171 798 3264 faces,
814 3175 851 3251 in
869 3192 971 3249 com·
