2086 3682
293 256 295 265 Ι
414 142 673 267 Geograpiiu.
871 166 929 270 37

10 350 13 403 ;
77 335 146 387 nou
178 311 310 384 minus
335 307 430 385 felici
453 338 564 412 quam
592 313 708 413 sagati
732 312 856 391 labore
876 317 929 391 iu·

10 470 12 481 .
75 410 291 512 vestigantes
317 435 339 482 a
365 434 499 505 emere.
549 414 704 488 Rotnani
729 415 840 488 etiam
864 439 928 491 au·

74 505 129 585 sio
155 510 298 583 indies
350 511 516 585 ominatu
542 514 580 585 in
603 535 731 587 omnes
754 514 927 613 Europae,
956 550 969 567 ¹-

68 608 230 695 Africae,
261 606 452 706 Afiaeque,
480 634 551 709 qua
578 610 823 687 Occidentem
849 612 926 714 spe-

68 705 173 794 iiat,
208 726 339 807 portus
370 706 443 782 sese.
470 707 704 785 insinuarunt.
763 713 925 787 Demum

67 805 180 907 longo
212 804 292 905 post
319 803 520 881 secutorum
543 809 735 886 intervallo
770 812 925 910 Europae

65 905 258 988 maritima
280 906 447 979 nationes
477 907 552 982 fere
581 932 708 984 omnes
733 909 839 985 'velut
861 912 925 984 da·

64 1025 102 1079 to
130 1005 232 1120 siguo
256 1027 321 1101 per
345 1003 541 1078 Oceanum
564 1007 633 1080 iter
670 1027 835 1105 agentes,
849 1008 925 1081 Lu·

62 1102 163 1177 fitam
201 1101 405 1176 &Batavi
438 1105 474 1175 in
499 1103 618 1185 Asiam
636 1103 851 1180 ¹Australem
884 1106 924 1185 ὃ(
992 1170 995 1181 .

62 1200 323 1292 orientalem,
361 1199 536 1300 Hispani,
570 1201 666 1277 Galli
693 1203 732 1277 &
752 1201 864 1303 Angli
884 1203 924 1279 iu

17 1322 20 1327 ·
58 1307 272 1379 Americam
295 1299 497 1399 insulasque
523 1302 730 1397 adjacentes
756 1321 923 1402 penetra·

58 1424 98 1476 te
123 1398 311 1474 sunt'vifi.
384 1402 485 1497 Qtin
508 1424 552 1476 eo
578 1400 761 1502 progressa
786 1401 837 1476 est
856 1424 922 1476 au·

57 1503 129 1577 dax
152 1501 309 1573 humani
335 1501 477 1597 generis
501 1498 665 1589 solertia,
690 1521 834 1576 utnon
856 1501 921 1577 de·

56 1599 207 1685 inerint,
228 1597 293 1696 qui
316 1599 470 1700 navigiis
496 1600 565 1673 suis
590 1619 713 1674 totum
738 1618 920 1675 terrarum

57 1723 133 1797 qua
168 1697 247 1773 late
285 1717 388 1796 patet
426 1697 553 1770 orbem
589 1696 725 1794 suerint
771 1697 917 1775 ementi.

57 1798 181 1875 Prima
204 1797 300 1873 tanti
334 1798 409 1870 dux
446 1792 528 1869 faui
553 1795 625 1871 fuit
654 1799 758 1874 navis
793 1794 918 1873 Visio-

57 1898 124 1984 tia,
154 1894 325 1995 impunis
350 1895 475 1971 Caroli
499 1897 549 1969 V.
574 1893 761 1985 instruCia,
787 1897 918 1972 &Fet-

58 1997 219 2073 diuan'do
244 1993 468 2093 Mageilano‚
494 1995 587 2069 Viro
612 1995 666 2070 rei
686 1997 843 2070 nauticae
853 2018 918 2093 pe·

56 2092 221 2171 ritisiimo
246 2092 444 2168 commissa.
495 2093 586 2164 Haec
611 2114 706 2164 anuo
737 2113 841 2181 1519.
857 2093 918 2168 die

59 2216 114 2269 ιο.
148 2191 305 2291 Augusti
344 2188 473 2264 menfis
511 2212 533 2264 e
569 2206 679 2289 portu
720 2188 926 2289 Hispalensi-

55 2291 180 2377 stustis
217 2292 346 2366 avibus
379 2287 488 2364 solvit
527 2312 613 2364 cum
644 2308 808 2388 quatuor
838 2285 916 2365 aliis

19 2442 23 2449 -
56 2391 225 2480 uavib'us,
247 2391 408 2490 virisque
431 2389 582 2463 omnino
608 2386 712 2487 supra
734 2387 916 2464 ducentos

45 2495 99 2567 -ui
125 2495 206 2567 iuta
230 2489 377 2588 septem.
428 2489 606 2586 Superato
619 2485 696 2586 post
717 2488 818 2563 binas
831 2494 927 2589 pro-'
986 2531 989 2535 >

120 2615 163 2667 as
187 2591 281 2670 mati
302 2586 478 2664 'Occiduo
503 2587 647 2682 trajecit
668 2584 824 2674 fretum,
852 2588 913 2663 cui

56 2714 191 2768 nomeu
217 2689 320 2762 ducis
344 2686 396 2760 sui
421 2684 593 2785 imposuit
617 2684 912 2786 Magallanicum,

57 2788 229 2867 accursu
264 2781 463 2861 ieliciffimo
502 2806 567 2884 per
592 2807 691 2860 mare
715 2781 935 2863 Pacificum.

56 2888 198 2967 inveua
222 2883 354 2961 insulas
376 2884 580 2958 Latrouum
605 2882 765 2981 aliasque
787 2877 911 2981 plures

54 2986 89 3062 iu
120 2981 372 3084 Archipeiago
404 2985 439 3058 S.
465 2983 590 3056 Lazari
620 2973 789 3079 dispersas
811 2980 911 3053 dete·

55 3088 114 3164 xit.
166 3086 430 3162 Gubernatore
454 3102 580 3157 autem
594 3075 911 3179 Magaliano,dutu

29 3184 90 3261 ‘iu
119 3184 256 3285 insula,
276 3181 401 3259 Zabut
429 3204 501 3356 turcl>2
526 3179 668 3256 tuendo
692 3173 788 3259 illius
811 3178 912 3352 Regg
1007 3256 1012 3273 Ι

521 3302 545 3384 ,3
862 3300 884 3352 ²
1020 3361 1022 3367 .
