2086 3682
47 90 206 245 ψ
239 128 276 223 3
327 110 461 233 ειμι
481 110 590 241 Vn
610 46 848 234 Arnum
949 88 981 155 ⁵

116 280 301 381 sanguinis
325 275 485 352 fluxum:
512 299 641 354 contta
665 302 755 355 vero
773 279 975 354 admodum

111 403 253 457 nocere
280 388 403 452 aerem
426 379 639 466 humidum,
673 380 785 467 nimis.
815 379 974 454 calidum

115 499 186 556 aut
209 478 406 576 lrigidum',
442 475 639 574 multisque
671 475 885 575 permistum
912 475 974 551 foe·

117 580 248 663 cibus,
287 576 511 675 utpotequi
538 599 683 651 motum
709 575 894 674 sanguinis
924 599 974 651 te·

118 678 264 761 tardam·
281 674 319 749 bt
342 676 380 773 in
402 676 621 749 humoribus
647 672 870 749 fermentum
888 674 973 748 sum·

118 798 182 851 me
212 774 363 867 noxium
397 775 563 861 excitat,
594 793 668 874 quo
726 794 823 863 artes
846 771 971 847 vitales

66 892 69 903 ·
147 875 283 948 raviter
304 871 496 946 raduntur.
555 879 680 972 Atque
702 798 793 947 irinc
816 891 894 947 non
915 874 972 945 de·

162 992 271 1046 erunt
293 969 454 1069 preclari
481 973 642 1058 Medici,
677 974 739 1071 qui
777 969 915 1046 solicite
937 971 971 1042 in

121 1071 238 1157 aeris,
264 1089 487 1159 ventorum,
517 1071 555 1145 δι
576 1071 767 1171 plagarum
795 1072 971 1156 indolem,

118 1172 240 1257 dotes,
267 1166 566 1268 affel‘iionesque,
589 1193 682 1268 quas
707 1172 920 1268 producunt
935 1168 972 1241 in

115 1268 347 1371 torporibus,
372 1269 603 1368 indagarunt.
655 1266 888 1343 O-rientalem
903 1266 970 1367 pla·

118 1390 204 1468 gam
237 1367 377 1441 caetetis
406 1366 637 1443 salubriorem
668 1368 856 1462 judicant,
886 1387 971 1466 quo·

118 1469 217 1544 niam
245 1485 378 1541 ventus
403 1463 492 1543 flans
524 1467 568 1540 ab
595 1487 680 1542 ortu
706 1464 839 1566 longos
864 1479 970 1540 uerri·

118 1586 201 1640 rum
234 1561 371 1639 nauus
403 1567 611 1666 percurrit,
651 1567 833 1664 aquibus
865 1563 971 1663 pluti-

117 1688 200 1738 mos
225 1663 359 1738 halitus
384 1663 494 1739 siccos
519 1663 635 1737 veluui
659 1683 880 1749 mutuatur,
915 1664 971 1736 de·

116 1763 239 1862 pofitis
264 1763 422 1837 humidis
448 1763 665 1861 vaporibus,
691 1762 730 1836 dr
754 1786 814 1837 aer
837 1781 913 1835 tem
960 1800 972 1815 ·

116 1880 197 1935 rate
223 1858 361 1933 calidus
382 1857 454 1947 est,
478 1859 670 1959 presertim
697 1863 888 1961 quimane
922 1860 970 1958 pi·

26 2020 29 2029 .
116 1980 190 2046 rat,
216 1961 254 2034 &
280 1985 302 2034 a
325 1958 398 2033 sole
424 1982 602 2060 purgatur
620 1960 862 2059 spretorque.
897 1963 984 2033 ‘Ser

117 2060 239 2134 cundo
266 2058 350 2134 loco
372 2081 518 2157 ponunt
551 2058 908 2158 Septentrionalem3
932 2058 970 2132 li·

117 2179 179 2232 cet
204 2161 300 2231 enim
327 2177 461 2249 ventus
496 2158 534 2231 ὅ(
560 2182 639 2244 aer,
675 2158 739 2256 qui
772 2159 869 2233 hanc
900 2156 969 2257 pla·

116 2282 201 2356 gam
229 2276 405 2356 occupat,
432 2258 683 2356 aregionibus
709 2256 827 2356 glacie
854 2279 898 2330 ac
921 2258 971 2329 ni·

117 2379 166 2429 ve
192 2354 312 2429 obsttis
338 2355 522 2442 adueniat,
538 2354 651 2455 fitque
676 2354 757 2453 plus
781 2378 897 2452 quam
912 2356 970 2428 de·

84 2475 179 2543 „cet
205 2450 354 2552 frigidus
381 2454 419 2527 ὅ(
445 2451 581 2540 sucus,
619 2453 751 2527 Austro
783 2475 910 2528 tamen
936 2451 970 2526 ἃ

117 2552 295 2653 Zephyro
319 2550 489 2626 salubrior
515 2554 687 2639 creditur,
715 2554 889 2650 quoniam
908 2554 970 2625 bu·

116 2677 258 2729 morem
280 2648 495 2748 superfluum
522 2652 703 2751 abstergit,
717 2674 874 2748 corpora
889 2675 969 2725 con-

106 2753 292 2853 stringit„
309 2749 453 2839 firmat,
484 2751 521 2824 δι
552 2750 742 2827 mobiliora
771 2752 971 2849 expeditio·

117 2877 230 2951 raque
256 2851 386 2924 reddit.
452 2849 550 2923 Hinc
582 2850 805 2949 experientia
838 2850 968 2934 docet,

116 2956 155 3027 in
179 2975 218 3025 re
245 2949 387 3024 ionibus
411 2949 462 3047 hy
487 2950 646 3026 erboteis
671 2949 848 3047 degentes
878 2945 968 3040 (ud

81 3130 87 3144 ,
118 2976 412 3135 luminanda,
488 3048 711 3135 roenlandia,
744 3047 967 3148 Norwegia,

118 3151 231 3251 immo
257 3149 296 3243 dt
313 3145 451 3248 anglia
470 3147 508 3222 dt
523 3149 667 3249 Scotia)
685 3144 857 3247 aliosque
871 3170 967 3262 mon·

829 3264 833 3277 ’
881 3265 964 3320 trum
