2086 3682
71 160 74 165 ,
126 143 267 251 qqq
365 150 368 159 ·
451 112 580 237 Caput
622 109 671 206 V
666 107 722 205 sl.

196 279 272 356 His·
293 279 423 379 itaqne
456 276 640 379 pramissrs
676 256 794 378 nauca
819 274 866 352 de
892 273 992 353 anno

124 378 369 461 Ecclesiastico
394 402 438 452 ac
455 377 674 467 Calendario
689 376 861 477 Gregorii
884 378 989 453 Xiii.

126 484 166 560 P.
199 483 254 557 M.
288 476 392 573 jussux
414 480 612 555 emendato
653 476 869 576 subjungere
901 475 990 552 lice·

126 580 194 655 bit.
244 580 299 653 Ut
323 600 402 653 rem
428 578 473 651 ab
494 578 636 678 origine
660 597 843 677 repetam,
854 584 989 671 'jannut

124 696 300 755 numerat
322 675 463 754 menses
490 676 714 764 duodecim,
739 676 991 751 hebdomadas

127 779 285 871 duas&
313 776 612 878 quinquaginta,¹
635 777 807 874 diemque
842 798 988 849 unuma

56 952 59 961 ,
125 874 320 963 universim
341 900 431 951 vero
458 876 645 952 trecentos
672 875 857 974 sexaginta
881 876 988 974 quin·

126 988 200 1076 que
214 1025 226 1060 .
241 980 249 989 ”
264 999 311 1050 vac
343 974 419 1051 sere
453 974 514 1052 sex
547 979 667 1053 horas.
739 975 865 1048 Tanto
888 975 989 1049 enirn
1021 1022 1026 1031 -

126 1076 305 1177 temporis
347 1074 543 1152 intervallo
585 1073 791 1150 Zodiacum
831 1071 888 1159 soi<
923 1075 989 1148 ob·

125 1177 250 1253 tundo
277 1171 413 1249 lustrat.
429 1222 438 1229 «-
484 1177 556 1251 Sex
579 1191 707 1251 autem
732 1174 1013 1271 horae-quaterl

123 1273 163 1348 in
189 1271 223 1350 se
249 1270 365 1357 duda
390 1270 535 1375 fingulis
552 1273 740 1376 quaternis
766 1270 869 1347 annis
886 1270 987 1347 dem

124 1370 341 1451 conficiunt.
406 1374 505 1449 Hinc
529 1397 647 1450 annus
671 1370 733 1448 illc
758 1369 984 1457 intercalaria

125 1468 322 1547 Bissextilis
347 1474 490 1547 dicitur.
542 1474 622 1573 jam
648 1496 739 1549 vero
765 1493 882 1569 quum
908 1486 987 1545 rne-

80 1582 93 1607 ·
125 1570 361 1669 morataser
384 1568 485 1646 horae
509 1594 585 1649 non
618 1570 684 1647 srnt
708 1572 886 1671 integra,
924 1570 987 1645 d'c·

127 1667 333 1745 sicientibus
368 1669 510 1768 aliquot
546 1664 723 1758 minutis,
755 1671 891 1761 horum
922 1692 987 1745 ue*

127 1765 249 1866 greuu
275 1764 412 1843 fadum
437 1766 503 1856 est,
525 1790 572 1857 ¹ut
596 1772 758 1858 minuta,
784 1792 864 1869 qua
889 1767 987 1861 ultra

124 1867 287 1939 debitam
312 1865 515 1944 mensuram
540 1868 695 1971 singuiis.
720 1873 824 1943 annis
850 1868 1011 1958 tribue·'

71 2039 73 2045 .
126 1966 288 2053 bantur,
322 1962 441 2040 tractu
470 1970 647 2070 temporis
677 1969 836 2044 adeum
859 1970 979 2043 e'xcro

123 2066 248 2144 verint
274 2088 483 2153 numerum,
509 2089 554 2143 ut
575 2069 733 2163 invicem
759 2063 884 2162 junsia
906 2068 985 2145 dier

124 2165 254 2257 decem
278 2163 559 2255 constituerint,
593 2160 797 2266 verumque
823 2166 985 2265 acquino-

124 2260 239 2337 dium
264 2259 384 2340 sedem
408 2265 508 2341 suam
533 2269 743 2341 mutaverit.
808 2267 882 2341 Res
904 2266 985 2343 hac

124 2358 285 2437 Concilii
311 2362 452 2453 Nicani
488 2366 688 2439 Decretum
722 2366 768 2439 de
799 2363 985 2443 Paschatit

123 2463 183 2534 die
208 2457 440 2554 celebrando,
456 2463 557 2562 quod
582 2465 697 2540 totiur
723 2465 821 2540 orbis
840 2465 982 2553 Catho-

122 2557 184 2639 lici
227 2559 400 2641 consensu
444 2558 621 2638 hactenus
660 2583 850 2665 receptum
883 2562 984 2655 suit,

123 2678 267 2751 certum
300 2663 339 2737 in
370 2658 560 2739 discrimen
592 2663 775 2760 conjicere
809 2661 885 2738 visa
914 2660 979 2739 est.

122 2760 261 2843 Statuit
290 2760 388 2836 enim
420 2759 632 2853 Concilium
663 2761 769 2839 istud,
793 2760 982 2837 Oecume·

119 2858 270 2945 nicom,
294 2878 339 2932 ut
364 2857 498 2949 Pascha
524 2860 814 2941 Christianorum
837 2859 981 2961 semper

116 2954 311 3033 Dominica
333 2954 412 3059 post
437 2958 675 3060 plenilunium
700 2983 883 3049 vernum,
917 2960 979 3036 seu

60 3056 63 3061 ’
116 3053 261 3138 Lunam
302 3057 484 3138 decimam
518 3076 689 3163 quartam
720 3062 889 3166 proxime
928 3059 975 3136 se·

78 3216 80 3220 -
864 3183 979 3260 quen·
