2086 3682
263 129 571 226 Architell'onicu
609 131 751 227 avitis.
823 162 842 187 ‘
879 161 960 256 251

185 296 373 375 Scalarurn
414 299 515 375 varia
552 297 634 374 sunt
668 321 834 399 genera:
873 328 968 404 quae·

67 404 72 417 “
110 399 195 475 dam
233 398 411 474 subdiales
443 419 657 486 vocantur,
695 422 760 498 per
796 424 887 499 quas
920 429 967 483 ex
1017 404 1025 414 '

110 497 187 597 ipsa
208 496 330 596 platea
352 498 399 573 ad
422 496 561 573 edificii
586 496 683 574 fores
709 495 932 579 ascendimus
951 533 964 579 r

109 599 278 697 quaedarn
304 597 496 699 primatia,
521 619 603 696 quae
627 596 745 672 cuivis
770 619 817 673 ex
840 598 964 679 infima

109 691 250 771 edificii
276 697 551 797 contignatione
587 697 635 771 ad
670 695 869 798 superiores
892 700 964 777 adi·

108 794 516 969 ggtsspraebengffualiae
539 791 725 968 tpcc‘plrtpss,
749 817 829 897 quae
855 800 966 970 patri·

107 917 426 1093 indulgaesntazclrliae
441 918 764 1091 locludesllpucld
775 918 966 1073 cllllaltllul

108 1113 224 1192 genus
249 1089 322 1181 est,
348 1091 453 1186 cujus
478 1094 613 1192 gradus
636 1091 734 1187 circa
758 1091 964 1191 cylindrum

107 1194 145 1265 in
166 1191 291 1266 medio
315 1186 477 1267 ercitum
503 1189 611 1265 inllar
642 1187 802 1266 cochleae
834 1193 872 1267 in
895 1215 963 1294 gy-

106 1313 187 1365 rum
211 1290 381 1366 redeunt.
442 1288 666 1367 Subdialiunr
694 1286 869 1366 scalarum
884 1314 963 1392 par·

107 1406 161 1464 res
184 1391 386 1465 anteriores
409 1388 600 1489 paululum
622 1387 784 1467 declives
805 1389 876 1466 else
902 1392 961 1467 de

107 1488 209 1577 benc,
232 1509 278 1563 ut
300 1511 403 1587 aquae
427 1486 606 1584 pluviales
628 1485 771 1564 lacilius
796 1489 962 1565 delaban-

107 1605 180 1662 tur.
259 1587 372 1664 Scalae
406 1588 584 1687 primaria
615 1587 722 1663 velut
752 1588 798 1664 ab
830 1586 962 1665 aediutn

106 1704 235 1767 centro
273 1686 468 1801 adsurgunt
480 1735 493 1776 ,
530 1689 658 1763 itaut
694 1687 962 1763 introeuntium

105 1781 313 1886 oonspeuui
337 1787 567 1884 objiciantur,
592 1785 632 1863 δι
654 1786 701 1860 nd
727 1784 867 1862 aedificii
880 1812 957 1889 par·

105 1904 161 1961 tes
187 1884 337 1973 'aditum
383 1883 636 1986 patefaciant:
681 1882 837 1962 occultae
867 1909 961 1963 vero

103 1984 157 2060 ita
180 1984 243 2058 dis
259 2004 443 2072 voantur,
472 2008 520 2057 ne
552 1982 615 2056 sub
648 1980 777 2057 oculos
800 1983 961 2072 cadant,

103 2106 201 2159 ueve
228 2008 330 2184 lpotii
348 2080 563 2254 lfluidqunm
601 2077 837 2152 conclavibus
862 2078 964 2155 surri-

103 2183 239 2281 piant3
279 2204 347 2257 coc
387 2179 465 2254 ides
489 2174 551 2251 nifi
575 2169 764 2251 neccllitas
788 2175 827 2249 &
850 2198 963 2279 angu.

104 2279 167 2357 flia
188 2278 263 2356 loci
288 2298 441 2380 urgeat,
467 2274 596 2378 procul
621 2274 704 2349 sunt
726 2274 889 2349 arcendae
912 2277 965 2351 ob
1020 2348 1023 2353 .

103 2376 223 2480 lnpsus
256 2377 460 2480 periculum
492 2396 657 2454 extrema
695 2371 821 2451 versus
850 2372 965 2477 cylin-

84 2479 211 2555 drum
247 2497 351 2577 parte
384 2479 588 2553 imminens.
655 2475 801 2550 Caetera
839 2474 962 2567 scalae,

105 2601 184 2679 quae
209 2573 309 2653 teila
332 2598 530 2652 excurrunt
556 2575 637 2664 via,
662 2571 896 2650 latitudinem
921 2575 962 2653 in

104 2676 257 2778 privatis
292 2678 486 2751 minimum
526 2694 685 2774 quatuor
724 2672 888 2773 pedum·
920 2676 961 2752 in

104 2776 258 2876 publicis
284 2775 419 2850 adibus
446 2772 626 2848 summum
652 2792 814 2869 novem,
837 2768 963 2859 altitu·

106 2876 227 2953 dinem
268 2872 327 2950 seu
365 2872 570 2950 distantiam
603 2871 786 2974 graduum
822 2868 963 2948 dimidii

126 2978 204 3053 edis
227 2972 294 3055 ‚fibi
320 2974 518 3050 vendicant
542 2999 550 3043 :
574 2993 577 2997 ·
605 2971 740 3072 gradus
782 2990 874 3046 vero
902 2966 966 3068 ipll

101 3000 335 3153 lcitudinem
361 3071 560 3156 altitudinis
586 3069 747 3172 duplam,
757 3066 819 3146 vel
840 3088 962 3147 ununr

101 3177 237 3280 pedem
263 3195 307 3251 ac
331 3173 424 3249 duos
447 3170 483 3245 di
510 3171 593 3366 irps.
644 3168 752 3247 Citra
773 3160 962 3345 uecesstieug
