2086 3682
132 110 369 252 290'⁴‘-‘
415 188 418 193 <
464 70 592 247 Caput
625 125 704 219 VI.

134 303 210 376 haec
226 295 359 371 tenetis
375 290 520 369 salicum
537 292 726 368 frondibus
746 293 896 395 aliisque
921 298 986 374 set·

133 399 267 479 tuentis
286 417 351 495 pet
373 393 563 468 intervalia
596 394 776 467 immixtis,
793 419 988 496 coagmen.
1016 432 1020 453 ·

134 520 234 575 tetur
258 513 408 592 oportet
422 534 449 579 ,ι
466 490 569 589 supra
591 512 672 589 quae
694 493 902 594 longiorum
929 521 988 572 ce·

133 598 267 697 spitum
294 589 404 667 frusta
432 589 532 664 tedio
566 595 802 690 imponantur
835 597 988 688 ordine,

132 716 177 773 ut
201 717 247 771 eo
269 689 406 766 firmior
430 693 576 773 evadat
937 728 940 733 -

207 834 501 933 Fundamentum,
516 833 560 910 V.
597 834 747 911 Vallum
771 838 897 914 multis
914 864 990 916 rna·

163 943 199 1016 ni
216 938 373 1015 nominis
391 932 614 1011 Architediis
634 933 826 1012 Polemicis
849 938 990 1036 placet,

136 968 163 1115 ξ
185 1059 293 1114 muro
317 1036 358 1110 stt
380 1032 567 1109 cinerum:
593 1033 672 1109 aiiis
694 1059 797 1135 aeque
817 1042 990 1135 expertis,

136 1138 161 1215 fi
188 1163 210 1213 e
240 1135 312 1211 sota
346 1155 443 1208 terra
469 1133 511 1206 stt
542 1132 753 1232 aggestum,
789 1137 993 1236 praeplacet.

55 1276 58 1283 ·
136 1239 280 1315 Priores
294 1235 350 1308 his
372 1234 544 1307 dicuntur
558 1234 779 1320 rationibus,
807 1255 886 1308 tum
907 1240 993 1334 quia

136 1337 185 1412 fic
206 1334 366 1425 exterior
388 1330 576 1421 acclivitas
603 1331 733 1405 exstrui
765 1338 902 1431 poterit
929 1337 992 1409 tni·

138 1459 207 1512 uor
233 1434 270 1507 ἃ
284 1431 401 1530 magis
420 1454 605 1531 praeceps,
629 1451 671 1504 ut
691 1452 767 1505 tam
790 1431 895 1508 facile
919 1430 994 1509 vai·

137 1535 215 1609 ium
244 1531 435 1606 conscendi
463 1548 648 1630 nequeat,
679 1549 758 1603 tum
784 1535 868 1630 quia
892 1532 995 1608 stabi·

113 1632 210 1725 ‘iius
234 1632 305 1706 erit
322 1630 366 1703 ἃ
386 1628 535 1703 firmius.
564 1674 569 1685 „
601 1627 817 1704 Posteriores
836 1654 911 1704 non
932 1633 1016 1717 min

118 1796 120 1801 ,
140 1734 224 1825 nue'
233 1730 406 1848 gravibus
433 1730 600 1801 nituntur
624 1725 808 1803 sententiae
830 1728 897 1801 surr
920 1754 995 1805 mo·

139 1850 297 1908 menttst
318 1851 366 1910 ‚ac
381 1827 500 1999 ptimo
521 1825 684 1924 quidem,
699 1833 798 1923 quod
820 1830 995 1903 damnum

139 1929 239 2004 vallo
269 1929 306 2000 in
331 1926 378 2002 ob
393 1925 514 2000 idione
540 1923 682 1998 iliarum
708 1928 914 2024 expeditius
941 1951 996 2004 re·
1022 1968 1025 1977 ·

140 2029 259 2127 sarciri
276 2022 404 2124 poffit,
431 2023 456 2097 fi
485 2024 594 2098 eioia
611 2016 709 2121 terrai
732 2025 772 2100 iit
798 2027 996 2129 aggestum.

142 2124 342 2211 Setund05'
357 2125 456 2224 quod
477 2127 572 2198 muri
593 2121 774 2198 hostilium
798 2146 998 2201 tormento·

141 2253 224 2305 rum
245 2223 374 2301 idibus
392 2223 508 2297 luxati
533 2219 738 2319 dejeciique
764 2228 910 2325 propria'
929 2227 998 2301 tui·

142 2353 190 2407 na
210 2324 388 2424 impleant
416 2318 564 2406 fossam,
589 2323 652 2416 qui
688 2323 775 2396 alias
807 2323 909 2398 tabor
933 2326 1000 2399 im·

57 2420 63 2431 ’
141 2425 279 2528 probus
300 2417 461 2495 hostibus
481 2419 711 2492 incumberet
733 2443 806 2494 non
836 2424 905 2497 fine
926 2446 1000 2499 rna·

170 2548 215 2597 na
243 2519 417 2619 temporis
439 2540 482 2593 ac
505 2515 833 2615 monumnenta.
904 2524 1000 2598 Nec.

141 2548 232 2721 dum
260 2614 401 2706 decisa,
446 2614 505 2691 sed
537 2615 658 2689 adhuc
698 2618 761 2692 iub
798 2620 919 2714 judice
957 2619 1001 2697 lis

140 2722 220 2799 haec
238 2716 299 2793 est.

221 2859 497 2938 andamenrum
527 2859 569 2935 V
573 2861 602 2934 J.
633 2864 908 2967 propugnacula
929 2865 1004 2967 pie-

143 2965 331 3041 navaeuis
359 2960 439 3035 sunt
462 2959 707 3038 anteferenda.
760 2966 854 3039 Nam
876 2968 914 3038 in
937 2965 1006 3040 illis

145 3061 302 3139 defendo
330 3061 469 3134 diutius
483 3063 625 3133 extrahi
640 3063 777 3160 potest,
805 3089 919 3162 quurn
945 3086 1007 3139 ex·

145 3181 311 3265 pugnato
326 3156 602 3262 propugnaculo
624 3163 732 3237 detur
753 3164 874 3238 adhuc
902 3161 1007 3335 locust

251 3286 253 3295 '
895 3284 1009 3337 rece·
