2086 3682
269 149 445 269 coaporis
466 147 632 243 iunoni.
666 272 669 277 Ι
846 166 900 255 81
961 145 984 181 ⁸

54 312 148 400 orti,
181 312 219 389 ἃ
247 336 314 415 per
351 310 433 390 offis
461 308 706 406 cribrifhrmis
728 276 906 393 foramini

54 406 188 509 trajeiii
210 413 247 497 in
263 414 359 489 hane
372 416 623 489 membranam
644 411 820 490 definunt.

121 596 158 665 6.
180 590 297 686 ¹Serta
326 590 484 691 regionis
517 586 686 665 animalis
707 614 790 690 pars
821 586 945 671 sunt*

54 690 163 775 nervi·
178 686 368 789 ipiritunrn
386 686 593 765 animalium
609 688 813 779 carrarca&
827 693 905 768 ani.

54 806 116 861 mae
138 786 250 881 frena,
291 789 423 888 quibus
448 806 570 862 totum
589 811 634 865 co
680 811 736 876 us,
763 790 905 866 omnia·

54 908 120 985 pue
153 884 260 981 iiiios¹
280 889 441 963 membra
469 882 588 989 regin
680 910 787 963 orum
815 889 906 965 iioet

54 982 156 1073 uuiti
171 1006 329 1085 quatuor
349 983 533 1073 sensuum,
547 1004 681 1085 nempe
702 985 815 1074 visus,
838 1010 905 1072 au,-

54 1082 162 1169 iitus,
188 1077 314 1185 gustus
325 1132 340 1173 ,
366 1084 404 1159 dr
424 1080 579 1160 orfadus
601 1086 746 1185 organis
766 1085 904 1185 proprii

54 1180 132 1272 int,
159 1201 283 1276 tamen
311 1185 441 1283 quinto
470 1180 589 1259 taetus
615 1180 726 1258 sensui
754 1192 905 1287 qnoque

54 1278 214 1373 ”erriunr
264 1284 366 1357 Intus
386 1280 516 1359 molles
536 1280 617 1355 sunt
643 1281 681 1357 ὅ(
698 1281 905 1374 medullati,

54 1380 209 1457 intimes
226 1382 387 1457 exterius
409 1381 447 1458 δι
464 1384 587 1462 menin
614 1381 695 1457 ibus
718 1384 833 1481 probe
848 1384 904 1457 in·

54 1476 175 1555 roirti.
220 1481 358 1557 Eorum
379 1404 627 1566 officiuin'e‘i,
645 1498 690 1555 ur
722 1481 901 1582 spiritibus

54 1578 258 1656 roimaiibus'
279 1578 569 1683 quaquaversum
591 1576 738 1655 stratam
758 1578 898 1751 semper

54 1676 141 1755 'riam
164 1682 358 1779 praebeant.
426 1678 524 1776 Nam
548 1676 606 1755 uti
628 1698 675 1754 ex
695 1678 806 1755 corde
840 1690 901 1753 an·

54 1780 191 1877 guinem
218 1802 262 1853 ac
287 1776 418 1854 vitales
443 1778 586 1879 spiritus
614 1798 717 1853 venat
742 1778 901 1853 arteriae·

54 1898 119 1979 pue
149 1878 213 1969 pe'r
236 1894 359 1947 totum
376 1899 508 1975 corpus
527 1874 755 1975 dispensant,
780 1878 833 1951 ita
850 1888 899 1952 ex
988 1908 992 1915 ·

54 1971 193 2051 rerebr'o
223 1970 261 2044 ἀ
278 1967 370 2045 dorii
390 1972 550 2045 medulla
577 1974 598 2063 (
618 1992 698 2067 quae
729 1970 780 2046 est
800 1996 902 2047 cere.-

54 2074 97 2149 >ri
118 2068 285 2171 quaedam
304 2068 549 2171 propagatio)
568 2064 742 2141 animales
756 2062 909 2238 spiritus*

54 2170 82 2250 ir
103 2194 189 2245 cum
209 2171 251 2244 iis
268 2189 412 2244 morum
436 2190 502 2268 per
521 2166 766 2242 omnia-mem
791 2188 832 2243 ra
846 2168 901 2243 di·

54 2268 222 2345 iribuunt
256 2268 370 2344 nervi.
441 2269 569 2364 Qrum
599 2283 725 2340 autem
755 2263 900 2365 spiritua

54 2368 216 2445 rnimales
243 2366 439 2442 subtilitate
458 2369 550 2440 mira
577 2356 718 2464 prediti
733 2361 839 2441 facile
863 2364 900 2443 se

54 2487 108 2565 rer
132 2490 242 2568 poros
266 2466 386 2541 ubivis
410 2466 613 2559 infindentj
647 2462 711 2539 vix
741 2460 899 2565 spatium

54 2564 190 2665 riiquoti
210 2588 392 2653 vacuum,
410 2564 473 2642 vei
502 2582 620 2648 rerte,
645 2562 744 2661 quod
771 2562 898 2639 oculo·

54 2686 125 2741 ram
146 2666 263 2739 aciem
280 2664 416 2766 fugiat,
443 2664 481 2739 in
501 2664 545 2735 iis
564 2659 836 2761 deprehendere
854 2659 899 2735 li·

54 2782 116 2841 ret.
161 2762 370 2839 'Anatomra
392 2762 528 2839 ordinis
552 2754 793 2835 studiofiffima
815 2780 898 2833 ner·

54 2885 111 2941 roe
131 2862 264 2941 dividit
293 2881 374 2936 turn
398 2862 544 2947 ineos,
569 2858 635 2960 qui
659 2855 810 2933 cerebro
833 2878 899 2931 na·

54 2960 133 3037 ries
155 2958 236 3035 suos
259 2960 409 3040 debent,
426 2978 507 3035 tum
524 2958 560 3032 in
578 2958 664 3042 iios,
679 2955 743 3053 qui
763 2975 898 3035 exme.

54 3058 127 3135 irria
153 3058 244 3136 dorfi
262 3058 506 3155 descendunt:
534 3057 595 3157 qui
622 3078 644 3129 a
666 3053 816 3129 cerebro
836 3072 899 3134 or.

54 3182 122 3235 nm
146 3158 302 3247 habent,
328 3148 366 3232 in
390 3149 502 3232 decem
514 3154 623 3258 pario
644 3148 705 3227 ieu
728 3147 898 3253 comaga.

88 3264 546 3357 emmennomsnen.
556 3282 600 3354 X.
706 3270 733 3349 F
824 3271 897 3365 iio,-
