2086 3682
100 124 189 231 412
418 63 546 229 Caput
581 103 684 201 VII.

96 277 261 381 greditur
286 295 345 373 27.
370 273 510 361 diebus,
535 275 635 351 horis
658 295 695 371 7.
718 230 954 368 minutioni.
987 344 990 371 ,

47 494 49 498 .
97 382 135 523 4u
173 380 232 521 iun
263 389 487 564 quaproeter
511 421 644 522 quovis
668 410 729 495 die
755 390 953 519 duodecini

91 571 268 675 gradibus
300 558 451 666 11.it7.·
476 568 656 644 orientem
671 566 806 642 ⁴versus
831 590 853 640 a
879 562 957 643 soie

91 672 264 748 recedere
288 668 446 742 videtur.
510 666 677 741 Tandem
702 662 954 754 annuus'est,·

79 790 170 870 *quo
217 762 415 841 duodecies
450 762 573 841 'ferme
606 765 759 841 Zodiaci
794 765 956 865 spatium

94 865 201 942 cursu
224 864 287 939 suo
311 865 512 952 emetitur,
548 866 637 939 dum
661 867 801 941 interea
823 863 884 939 sol·
899 861 954 941 set

94 966 170 1043 mel
194 967 375 1039 duntaxat
398 964 439 1049 id
460 962 625 1050 absolvit.

168 1161 329 1237 Planetis
352 1184 503 1262 quoque
534 1160 684 1261 reliquis
713 1159 846 1253 (idem
870 1157 948 1237 esto
970 1214 979 1224 „

87 1262 270 1360 judicium
296 1259 440 1336 desole
471 1261 510 1335 ἃ
543 1259 669 1356 luna)
705 1279 838 1359 praeten
868 1282 950 1335 mo·

91 1381 172 1436 tum
199 1383 277 1458 quo
303 1362 349 1435 ab'
373 1380 459 1434 ortu
486 1362 523 1435 in
549 1359 783 1446 occasun&
807 1359 948 1436 abhoc

30 1466 34 1471 '
90 1455 244 1537 vicissim
269 1461 307 1533 in
330 1457 433 1533 illum
456 1459 634 1547 tendunt,
665 1459 860 1558 peculiaris
885 1458 979 1534 tri-s·

92 1559 232 1646 buitur,
256 1557 362 1655 cujus
386 1580 458 1657 ope
481 1557 630 1658 obliqua
654 1581 719 1657 per
740 1558 947 1638 Zodiacutn

93 1660 156 1733 via
178 1659 252 1753 iarn
278 1642 324 1739 od
349 1678 484 1742 unum,
512 1657 586 1751 jam
613 1656 793 1732 adolium
820 1656 950 1733 mundi·

90 1756 219 1859 poium
266 1756 466 1830 divertunt
534 1757 699 1856 Quippe
739 1754 853 1831 cursu·
881 1755 952 1833 suot

89 1879 169 1931 non
214 1852 391 1942 circulos,
425 1851 484 1929 sed
518 1853 625 1956 spiras
650 1854 847 1931 describere
881 1854 942 1931 de·

87 1952 397 2056 prehenduntur5
449 1955 583 2053 quibus
631 1956 678 2030 ad
725 1955 944 2031 alterutrum

9 2134 17 2143 ,
86 2053 216 2129 mundi
249 2052 375 2152 poium
407 2056 573 2152 quotidie
610 2054 725 2155 magis
754 2058 950 2155 magisque

4 2192 6 2199 ·
91 2154 285 2228 accedunt.
348 2153 402 2227 lta
429 2153 478 2228 sol
505 2150 666 2252 qualibet
700 2154 760 2243 die
794 2154 832 2227 in
865 2153 944 2231 aliis

16 2304 19 2309 ι
91 2268 204 2351 etque
235 2249 313 2324 aliis
337 2249 492 2351 Zodiaci
523 2249 665 2350 pondis
703 2252 852 2352 obliquo
878 2277 945 2360 per

90 2349 159 2426 edi
188 2351 298 2424 ticam
324 2350 461 2426 incedit
483 2351 634 2436 itinere,
661 2375 706 2424 ea
732 2355 864 2450 quain
888 2354 951 2428 di·-

88 2375 200 2524 verde
224 2452 383 2548 'quoque
412 2445 554 2549 pondis
587 2450 789 2526 horizontis
820 2452 944 2551 ¹quoti·

89 2548 151 2623 die
172 2548 290 2623 oritur
315 2551 354 2624 ὅ(
376 2549 532 2636 occidit,
556 2552 710 2623 ratione.
759 2553 841 2624 Nec
867 2544 943 2629 solo

89 2667 199 2723 motu
226 2648 357 2748 spirali
396 2647 559 2747 gaudent
596 2645 775 2746 planetu,
811 2673 943 2725 verum

89 2750 203 2845 etiam
228 2745 348 2833 tedio,
373 2746 460 2818 dum
485 2769 583 2820 nunc
606 2747 831 2825 ascendendo
857 2773 943 2850 apo·
974 2742 978 2753 ’

117 2849 159 2921 aei
184 2844 245 2921 seu
270 2871 290 2920 a
315 2844 418 2918 nobis
447 2843 530 2944 plus
564 2850 722 2934 remoti,
752 2873 850 2923 nunc
881 2851 941 2926 de·

89 2869 295 3021 {condendo
319 2944 483 3018 evadunt
507 2947 671 3062 pedgaei,
695 2946 831 3022 scilicet
854 2949 942 3024 vici·

90 3045 213 3119 niores
238 3041 354 3125 nobis.
411 3049 535 3143 Atque
560 3047 647 3120 hinc
667 3043 765 3121 facili
790 3048 942 3149 negotio

90 3140 322 3245 planetarum
346 3141 624 3237 acceleratione,
635 3165 679 3220 ut
702 3169 842 3224 vocant
862 3146 944 3324 igla-

159 3260 175 3273 .
912 3267 945 3326 e·
