2086 3682
214 176 218 183 ·
354 132 616 251 -Astronomr'o,
829 128 938 253 “347

87 296 307 375 menstruam
332 296 412 373 solis
435 323 548 398 quam
573 318 712 375 vocant
733 299 943 376 Astronomi

89 397 341 473 revolutionem
367 400 418 473 ita
443 398 727 485 demonstravit,
752 420 796 473 ut
819 400 943 498 despe-

86 502 232 575 ratione
256 494 449 573 meliorum
470 499 942 590 observationum‚&olioo,

87 598 128 672 dr
153 594 349 695 seipsum,
381 622 425 672 ac
448 596 560 674 sotem
583 598 749 675 Ricciolo
774 596 864 673 teste
888 600 943 675 vi·

87 693 173 801 ciise
198 692 241 769 fit
267 692 375 821 visun

98 984 104 991 ,
186 892 384 969 Scheinero
427 894 678 996 adiungendus
717 897 850 970 merito
877 892 946 971 est

88 992 250 1095 Jornnes
282 991 437 1091 baptista
466 992 624 1093 Cyiatus
664 996 697 1068 S.
733 997 763 1093 J.
802 994 942 1068 Mathe·

88 1112 234 1167 rnatum
261 1090 461 1182 Professor,
498 1095 561 1192 qui
596 1096 734 1193 primus
760 1091 945 1192 relescopii

89 1188 269 1266 beneficio
296 1188 434 1264 stellam
461 1193 628 1267 crinitam
658 1192 720 1267 seu
744 1195 945 1269 Cometam

87 1289 300 1365 observavit
324 1289 530 1391 lngolstadii
553 1314 649 1366 anno
678 1300 784 1377 1618.
814 1294 944 1387 Quom

86 1408 182 1463 veto
215 1412 349 1489 magna
381 1392 616 1467 inventorum
658 1414 772 1492 prro,
812 1391 946 1490 quibus

88 1486 322 1563 Astronomio
351 1510 431 1564 aevo
468 1492 673 1565 recentiore
709 1492 835 1573 ditato,
853 1487 945 1577 fuit,

87 1588 171 1663 tubi
207 1588 321 1687 optici
355 1586 488 1663 auxilio
532 1589 570 1662 in
602 1588 724 1662 lucem
765 1587 948 1688 protrad'tr

89 1686 229 1771 fuerit,
261 1708 380 1786 operae
412 1690 570 1788 pretium
607 1686 678 1764 effe
707 1689 797 1762 mihi
831 1685 947 1761 visum

90 1784 167 1872 est,
201 1804 246 1858 ut
270 1786 397 1885 organi
421 1788 531 1883 hujus
563 1788 804 1862 admiratione
827 1785 947 1860 nostro

92 1884 132 1959 di
182 1880 283 1959 irioni
310 1884 467 1983 anoiyfin
491 1887 697 1963 exhibeam.
767 1887 946 2003 Equidem

90 1908 206 2058 dffio
225 1983 354 2083 procui
379 1982 449 2069 est,
473 1988 628 2082 primam
649 1983 832 2084 tedescopri
861 1984 948 2057 stru·

91 2079 233 2158 &urim
267 2082 412 2157 cuidam
448 2104 469 2154 e
504 2079 630 2179 Belgio
661 2082 854 2156 Foederato
886 2084 949 2155 do·

91 2184 198 2269 beri,
234 2181 314 2280 ejus
348 2200 473 2255 tamen
514 2182 767 2277 inventionem
802 2178 951 2254 fortune

72 2282 220 2455 popius
244 2304 354 2396 quom
378 2304 440 2453 ordo·
459 2278 520 2354 fibi
544 2281 760 2453 verpdicore·
773 2280 947 2353 videtur:

93 2404 180 2458 cru
205 2398 403 2454 emmaccr
430 2400 483 2468 rt,
519 2400 563 2453 ut
626 2401 690 2453 um
722 2396 861 2453 vrtrum
891 2400 950 2452 cz·

92 2504 186 2557 vum
211 2479 427 2554 admoveret
452 2478 589 2566 oculo,
625 2500 834 2553 convexum
859 2500 950 2552 vero

93 2581 134 2657 in
156 2600 292 2677 corpus
316 2577 375 2653 sibi
398 2574 585 2672 objedtum
614 2578 815 2678 dirigeret,
854 2577 950 2651 debi·

94 2698 138 2755 to
161 2698 363 2775 utrumque
386 2675 580 2751 intervallo
606 2675 844 2762 collocatum,
869 2698 955 2773 pto·

95 2780 198 2857 tinus
223 2776 333 2876 longe
356 2794 499 2849 remote
524 2774 647 2849 velut·
679 2773 841 2849 raesentir
870 2794 955 2846 con·

96 2875 278 2977 spiciendo
305 2876 488 2974 preberet.
549 2875 621 2947 ubi
645 2798 743 2949 gina
766 2872 820 2946 rei
845 2871 955 2966 hujus

97 2975 332 3076 percrebuit,
365 2989 453 3048 mox
477 2973 515 3045 in
539 2974 703 3057 medium
726 2970 849 3072 piures
874 2990 956 3067 pro·

98 3074 199 3149 diere
222 3070 403 3159 artifices,
435 3074 498 3169 qui
528 3070 754 3173 perficiendo
787 3069 875 3145 huic
900 3089 957 3143 ot·

99 3196 197 3279 gono
223 3194 353 3267 monne
377 3169 643 3263 admoverunt,
672 3170 729 3245 'uti
761 3164 960 3259 Galilaeurp·

469 3271 540 3361 Y5
843 3265 932 3347 Mt·
