2086 3682
81 125 171 233 426
399 115 528 246 Caput
569 116 619 209 V
614 115 671 205 Is

80 283 153 360 iam
173 275 238 370 est,
255 280 355 380 quod
372 281 451 376 eius
467 281 646 382 originem
671 278 787 368 nitori,
802 284 887 358 nem
914 304 936 359 e

80 383 232 483 phaebo,
254 400 357 480 grata
371 382 510 456 vdebeat
527 379 737 455 adscribere.
798 304 936 457 Sotiis

81 505 172 555 vero
193 499 315 578 partes
345 477 415 554 eise
445 481 483 554 in
515 486 668 580 co'rpore
696 477 815 554 lunari
850 502 937 555 con·

81 584 239 653 vincunt
253 601 319 651 nos
361 600 457 653 artes
480 579 644 677 quaedam
663 579 934 677 prominentes,

64 672 121 751 ‘&
137 677 229 751 =aiiae
261 699 330 775 pro
375 677 544 764 ndiores‚
590 675 725 752 scilicet
752 674 876 759 valles,
898 678 936 755 &

81 796 247 860 montes,
273 776 336 874 qui
357 775 516 848 eundem
550 773 688 872 semper
711 773 818 852 fitum
849 774 936 873 reri}

81 890 169 950 nere
187 872 478 972 haudx‘possent,
508 873 729 975 nisi'corpori
751 872 865 949 solido
881 876 936 967 ini

83 971 287 1049 horrerent:
308 973 374 1046 has
394 994 519 1048 autem
546 971 660 1048 valles
689 973 727 1047 δι
748 972 816 1047 hos
829 971 935 1049 mon·

78 1092 138 1173 ‚tes
166 1071 358 1167 teiescopia
385 1070 571 1147 manifeste
605 1073 711 1148 nobis
736 1072 938 1173 detegunt,-

80 1172 170 1257 dum
189 1193 317 1245 eorum
336 1193 408 1269 ope
425 1172 519 1245 lunae
539 1169 764 1272 superficiem
788 1194 856 1260 per
883 1172 938 1247 im

80 1267 234 1345 tervaila
251 1272 426 1369 temporis
449 1272 565 1370 magis
584 1272 773 1371 magisque
802 1269 940 1345 inuno

79 1370 158 1443 nuri
172 1369 360 1455 videmus,
390 1391 465 1443 non
486 1368 587 1444 seem
610 1371 706 1444 acin
728 1367 841 1468 glob'o
861 1366 940 1446 oorss'

81 1466 220 1542 restria
247 1464 318 1541 soie
342 1468 484 1561 oriente
499 1470 615 1567 prima
629 1469 711 1542 luce
759 1466 793 1541 ir
848 1488 939 1543 ntur

81 1566 375 1652 curmontium,
407 1568 491 1647 dein
519 1568 631 1644 etiam
655 1492 789 1667 prosssn
815 1564 934 1643 avol-

78 1662 181 1739 lium.
235 1666 289 1739 ita
317 1687 423 1737 mons
450 1663 621 1763 Moschus
646 1667 933 1753 duodecimho·

76 1764 126 1843 ris
151 1762 258 1836 citius
282 1760 478 1836 illustratur
502 1762 684 1839 crescente
708 1763 807 1854 luna,
820 1788 938 1865 quom·

78 1856 212 1935 fretum
240 1862 453 1946 Ponticumr
478 1860 515 1935 id
539 1865 640 1961 quod
665 1865 778 1939 etiam
803 1865 843 1939 in
866 1868 940 1940 Ao·

75 1956 176 2036 iente
198 1954 340 2035 minore
366 1984 409 2036 ac
433 1963 936 2064 Apennino-contingiuqui·

76 2057 146 2135 bus
176 2063 383 2135 nominibus
422 2081 544 2158 partes
576 2063 642 2136 has
681 2065 933 2162 prominentes

74 2157 258 2258 inignivit
280 2157 470 2233 Herelius.
528 2158 670 2233 Fluidns
693 2184 783 2235 vero
806 2181 936 2261 parton
963 2214 966 2220 -

76 2280 228 2367 quoque
266 2257 413 2356 reperiri
451 2255 603 2331 suadent
625 2258 791 2343 macuiae
823 2284 939 2362 gran-2

75 2359 208 2441 diores,
228 2378 308 2452 quae
332 2354 457 2428 sunam
480 2355 705 2456 distinguunt
729 2358 835 2435 velut
859 2378 931 2437 tor·

72 2476 152 2537 rom
181 2450 344 2539 flumina,
368 2452 469 2528 lacus
495 2454 534 2529 &
559 2458 685 2530 muria.
736 2458 806 2532 Hae
826 2479 939 2534 nnm-¹

72 2575 148 2724 pue
173 2571 294 2652 partes
322 2549 457 2642 fluidae,
482 2554 572 2628 dum
597 2554 721 2630 lumen
747 2556 828 2633 solis
852 2558 929 2634 sinu

86 2675 137 2727 uo
159 2672 355 2752 exceptum
379 2653 495 2753 magis
520 2653 714 2743 imbibunt,
732 2659 929 2756 minusque

70 2745 547 2836 reflectunnmaculasvistas
572 2753 759 2842 exhibent,
772 2752 831 2829 seu
846 2778 928 2856 par·

72 2868 129 2927 tes
160 2852 377 2951 nigricantes
393 2896 410 2932 ,Ι
435 2864 513 3022 puo
544 2850 665 2927 calore
702 2852 850 2928 smilem
878 2856 928 2932 ob

61 2948 227 3027 ‘caussam
251 2972 298 3024 ex
323 2950 421 3023 edito
462 2973 533 3026 oco
560 2952 596 3024 in
623 2949 744 3025 lacum
762 2972 829 3028 aut
849 2976 928 3029 ma·

66 3069 108 3122 re
133 3046 424 3149 prospicientium
450 3047 547 3125 oculi
574 3048 806 3126 afficiuntur:
840 3076 925 3153 pro.

64 3141 161 3229 sosio
192 3146 422 3250 summopere
443 3148 603 3248 ,humida
633 3146 686 3226 est
710 3147 823 3244 luna,
854 3153 936 3226 hn·'.

78 3284 115 3325 „r
144 3308 149 3321 .
845 3272 926 3329 mo·
