2086 3682
136 147 224 209 220
447 111 574 233 Caput
592 109 734 228 susti.

135 302 197 359 cus
213 276 430 380 adpellatur.
473 276 687 378 'Aliquando
704 273 799 349 mala
817 273 898 348 haec
915 271 989 348 sunt

19 430 21 437 ,
131 376 260 479 ''portio
279 377 501 453 haereditaria
517 375 760 479 aparentibus
779 371 917 460 relicta,
937 375 991 447 sar·

133 479 220 578 pius
246 502 269 552 a
298 470 478 646 sanguinis
495 470 767 571 humorumque
794 472 992 546 acrimonia

92 584 97 592 ’
136 576 352 676 gignuntur,
380 598 441 650 ere
455 573 595 674 semper
608 575 653 648 ab
664 570 827 673 ingluvie
842 572 881 646 dr
897 571 992 671 guia,

138 674 340 774 crapula&
358 671 524 748 facundis
537 671 710 755 calicibus
728 663 909 771 originem
925 693 992 745 rra·

136 774 331 859 burm-nec
344 770 406 847 uifi
422 770 539 849 ferrea
553 770 726 875 patientia
741 773 944 871 expiantur.

204 911 387 1091 'Atrofbin
398 917 450 994 cst
466 918 589 1001 tabes,
618 942 689 1019 qua
703 915 762 992 vel
778 936 901 1011 totum
917 939 991 991 cor·

102 1082 109 1089 .
138 1038 223 1117 pus,
250 1041 298 1092 ve
326 1018 493 1117 quadum
516 1017 610 1095 iilius
625 1039 706 1117 pars
727 1015 922 1090 deficiente
935 1039 991 1103 ne·
1015 1066 1017 1073 »

138 1115 288 1192 eeiiario
304 1116 502 1194 nutrimine
525 1133 745 1191 extenuatur
771 1115 809 1188 dr
832 1114 958 1190 arescit
978 1138 990 1204 ς

138 1213 178 1289 id
195 1215 297 1316 quod
314 1215 556 1316 contingir,fi
586 1215 718 1291 veron
734 1215 892 1288 inediam
910 1216 991 1311 chy·
1025 1266 1028 1271 -

138 1309 198 1387 ius
214 1336 287 1388 non
307 1311 484 1390 sufficiens
510 1333 728 1417 generetur,
758 1313 819 1388 vei
847 1312 992 1388 alimen·

138 1428 222 1486 tum
250 1413 442 1487 aiiumru‘m
467 1417 560 1490 vitio
581 1413 751 1489 fermenti
774 1413 871 1488 maie
898 1413 990 1512 dige-

137 1526 255 1606 ratur,
264 1512 325 1587 vel
341 1511 534 1589 deficiente
548 1512 618 1589 bile
634 1532 699 1588 aut
708 1511 815 1586 succo
825 1532 992 1611 pancrea·

139 1612 216 1686 rico
239 1635 314 1687 non
334 1612 403 1687 rite
422 1611 653 1686 distribuatur
671 1613 707 1685 in
726 1609 811 1686 vasa
834 1609 992 1712 sanguini

140 1708 369 1803 conficiendo
383 1711 569 1797 destinata,
580 1710 639 1784 vel
652 1708 775 1798 mana,
785 1731 864 1806 quae
881 1713 919 1784 in
931 1709 991 1784 ali·

135 1827 306 1882 mentum
323 1810 451 1887 cedere
467 1808 633 1895 deberet,
644 1807 843 1885 construeris
857 1810 927 1884 uiis
949 1806 990 1883 ud

115 1924 260 2005 .parres
278 1926 281 1931 ’
301 1906 483 1983 nutriendi
516 1906 692 1997 facultate
723 1909 891 2008 praeditas
920 1931 991 1984 non

135 2005 341 2100 perveniat.
388 2007 440 2081 Ex
459 2005 528 2080 hac
553 2007 649 2081 mala
673 2010 795 2082 radice
815 2006 991 2106 pullulant

138 2102 444 2200 pejoresdurculi:
470 2102 568 2179 tuliis
587 2105 687 2193 steca,
699 2106 805 2180 sudor
818 2106 991 2206 copiofior

112 2233 113 2236 ¹
138 2225 248 2298 quam
272 2224 337 2302 par
358 2204 433 2290 est,
466 2206 574 2278 iebris
592 2205 805 2303 depascens,
838 2205 990 2304 languor

137 2302 406 2391 membrorum,
434 2305 567 2378 macies
593 2324 775 2390 extrema,
794 2303 832 2378 ὅ(
856 2305 989 2405 vigoris
1030 2364 1032 2369 .

132 2401 255 2491 omnis
278 2398 466 2501 dissipario.

210 2532 343 2608 Praeter
361 2535 429 2608 hos
451 2532 509 2610 aiii
533 2558 679 2634 quoque
707 2533 764 2608 seu
789 2533 911 2610 hostes
934 2534 990 2610 seu

31 2669 35 2678 ·
114 2630 294 2733 *hospites
327 2633 457 2734 ingrati
495 2634 750 2735 quamplurimi
792 2637 988 2713 exteriores

136 2734 300 2833 corporis
325 2753 444 2830 partes
470 2755 545 2809 non
570 2757 655 2809 raro
675 2736 840 2807 cruciant
856 2731 989 2808 &affli-

73 2888 75 2895 .
134 2852 241 2923 gunt,
260 2840 351 2929 quo's
369 2831 536 2920 universe
555 2831 616 2907 sub
638 2835 784 2908 nomine
798 2831 989 2922 inflamma·

132 2932 270 3013 tionum
284 2932 321 3005 dr
342 2928 494 3007 ulcerum
513 2929 703 3032 complodi
725 2931 824 3018 licet,
841 2933 895 3005 uri
914 2930 989 3004 sunt

134 3026 167 3103 E
171 3030 339 3130 ryfipelas,
354 3026 594 3118 carbunculus,
612 3055 754 3119 cancer,
771 3054 986 3132 gangrarum,

133 3126 207 3206 mes
221 3130 363 3233 gallicu,
377 3129 453 3209 &o
473 3155 552 3235 quae
574 3131 718 3232 genem
741 3128 841 3206 suam
854 3134 987 3300 habseot

883 3255 904 3305 a
927 3251 984 3309 an·
