2086 3682
134 133 191 221 80
355 112 484 255 Caput
504 108 584 202 W
614 109 780 213 Fabricu
842 76 845 82 Ι
896 116 899 120 ’

133 276 231 379 ipso:
265 276 299 353 fi·
319 279 402 375 quis
433 298 527 355 vero¹
553 276 732 377 integram
762 275 799 349 ὅ(
824 274 989 352 exedant

51 424 54 429 -
136 378 334 465 defideret,
357 376 544 451 exhibebit
565 374 663 451 illam
689 373 830 450 curioso
846 364 990 453 Lebinri

21 540 27 549 .
133 476 172 553 P.
196 479 410 552 Honoratus
433 474 546 550 Fabri.

211 630 448 826 5.⁵Sequitut
481 650 595 728 modo
620 649 845 753 ignobilioris
877 600 989 726 stanin

134 752 268 923 ¹nemqe
289 751 325 825 ol
342 749 443 829 asius
461 774 666 852 organum,
689 746 748 824 seu
769 748 907 836 Nares,
931 773 989 823 ae·

138 855 187 927 ris
234 851 418 949 piacula,
439 854 595 931 odorum
625 849 766 949 sagaces
786 844 988 949 explorato·

137 973 196 1025 res
213 949 251 1023 dr
270 950 403 1025 arbitri.
453 952 619 1025 Exterior
638 946 740 1021 nasus
755 950 905 1047 gemino
934 946 991 1021 so·

138 1049 278 1123 tamine
294 1044 485 1127 instruiius
509 1047 572 1131 est,
591 1068 670 1120 turn
692 1068 736 1119 ut
749 1042 999 1129 coiiediiodo·‚

140 1149 447 1223 res-commodius
464 1148 508 1221 ad
528 1142 681 1222 ossasius
702 1147 859 1245 patriam
872 1144 992 1221 sedem

140 1244 272 1320 deferri
300 1268 462 1361 queant,
498 1268 578 1331 tum
606 1266 649 1317 ut
677 1243 859 1318 canalium
886 1242 991 1317 instar

64 1389 67 1394 -
141 1346 341 1425 avehendts
354 1346 512 1423 humidis
532 1343 668 1419 cerebri
683 1342 928 1419 excrementis
942 1344 992 1417 in·

141 1442 309 1519 serviant.
395 1443 509 1517 Distin
537 1462 676 1517 uuntur
712 1462 840 1517 autem
889 1438 993 1517 narei

143 1540 354 1643 cartilagine
384 1540 480 1641 quasr
508 1469 607 1643 {pto
630 1543 791 1639 quodam
821 1544 993 1616 interme·

85 1694 93 1711 .
144 1643 225 1727 dio,
261 1664 378 1741 aquo
400 1644 521 1747 denuo
552 1642 642 1714 binae
665 1642 840 1741 utrinque
864 1644 993 1739 patenr'

142 1741 234 1815 viae:
259 1762 332 1813 una
352 1736 485 1813 sursum
509 1740 710 1819 ascenditur
737 1744 785 1813 ad
804 1762 842 1815 os
861 1734 992 1813 cribri·

133 1842 280 1933 forme.-
301 1836 414 1931 altera
432 1838 660 1913 descenditur
673 1839 711 1911 in
732 1838 868 1913 fauces.
895 1840 992 1927 Hine¹

145 1960 218 2011 non
241 1946 324 2011 raro
342 1958 423 2035 quae
445 1961 510 2037 per
536 1961 578 2013 os
598 1938 829 2038 ingeruntur,
853 1961 920 2037 per
932 1958 993 2019 nne

143 2059 201 2112 res
220 2034 468 2124 effundimus,
493 2039 547 2111 uti
564 2056 695 2138 potum
715 2061 725 2120 ;
760 2038 798 2110 dr
819 2058 901 2135 quae
931 2054 992 2137 per

144 2157 249 2210 nares
271 2136 542 2235 ingrediuntur,
571 2142 634 2234 p'er
659 2157 702 2211 os
723 2134 918 2237 ejicimus,
933 2132 992 2207 'uti

141 2234 292 2329 herbam
309 2234 529 2309 nicotiananr
547 2231 662 2309 saliva
675 2230 911 2310 commistam.
939 2234 992 2323 lq·

143 2334 296 2410 teriores
327 2333 469 2405 narium
500 2330 681 2424 anstasius
705 2327 911 2409 tenuissima
931 2352 991 2407 ve·

144 2432 203 2507 stit
225 2430 440 2530 membrana
460 2432 603 2507 venulis
636 2433 675 2506 br
705 2430 887 2507 arteriolis
914 2444 991 2533 pro·

143 2531 342 2633 pemodum
377 2527 527 2605 infinitis
565 2529 772 2622 intertextis
819 2528 991 2607 distintis.

144 2636 269 2731 Atque
302 2628 380 2707 haec
408 2632 520 2706 modo
551 2626 675 2731 paffim
705 2644 885 2729 tanquam
914 2650 992 2733 pro·

142 2732 262 2832 prium
287 2723 441 2805 olsa8tus
457 2747 634 2831 organum
661 2728 887 2829 adsignatur,
918 2748 992 2831 par·

143 2832 210 2905 tim
225 2830 308 2928 quia
323 2826 440 2903 senstrs
455 2830 535 2916 hic,
556 2828 579 2903 st
601 2830 799 2903 humorum
822 2826 992 2903 stillicidia

142 2929 387 3029 frequentiora
412 2928 659 3007 membranam
675 2926 776 3003 istam
797 2927 991 3013 obfideant,

141 3035 288 3125 penitus
309 3028 535 3113 obtunditur,
552 3029 682 3125 partim
699 3026 784 3126 quia
802 3028 909 3103 nervi
925 3026 991 3103 sen·

145 3125 200 3200 sus
216 3124 315 3202 istius
332 3146 379 3202 ex
401 3125 473 3229 ipsa
498 3150 613 3227 prope
646 3126 784 3215 cerebri
808 3125 991 3203 substantia

280 3286 297 3301 .
451 3277 454 3283 -
547 3244 551 3251 ·
939 3244 990 3297 or·
