2084 3698
348 134 520 255 corporis
544 90 729 229 humani}
798 96 817 105 ι’
905 164 960 254 er

133 344 136 349 -
193 318 226 395 3.
252 298 293 373 In
312 299 382 374 hac
406 297 559 374 secunda
583 294 686 400 uitali
707 299 962 399 regioneemi·

96 408 208 483 „nent
229 420 385 499 quoque·
400 422 494 472 uena
516 398 554 473 δι
576 400 747 485 arteria,
773 397 833 473 seu
858 423 965 477 cana·

113 496 176 573 ier·
194 493 257 585 iiii,
279 497 318 571 in
342 497 477 596 quibus¹
496 495 604 571 uelut
625 497 880 573 vitahominis
921 494 961 579 er

114 595 181 671 reii
207 618 298 670 uum
321 618 467 697 corpus
499 594 763 671 circumfertur.
835 523 963 698 Vuigo

116 694 177 795 qu‘
205 716 264 768 em
289 696 417 769 eadem
452 716 509 769 res
540 694 593 769 est
616 718 712 769 vena
743 695 781 768 &
805 698 962 799 arteria,

114 814 191 869 nun
213 794 303 869 item
328 800 450 869 rerum
476 794 645 892 expertis,
672 794 769 892 apud
785 817 965 893 quosma·

164 910 240 965 um·
266 893 361 968 inter
394 894 475 969 huc·
503 894 576 968 duo
601 889 788 967 discrimen
813 895 967 969 interce..

227 988 455 1066 ce'rturn'est.
514 996 634 1079 Nam-
652 1012 755 1067 venae
776 988 861 1065 -sunt
884 992 967 1073 tubi

113 1090 405 1178 membranacei,
438 1088 501 1190 qui
535 1089 742 1189 sanguinem
758 1092 965 1183 advehunt
1015 1154 1018 1159 .

113 1190 153 1264 in
177 1210 270 1264 cora
295 1190 434 1265 arteriae
456 1211 558 1271 vero,
582 1190 645 1287 qui
669 1190 826 1264 eundem
847 1188 966 1267 acuta

115 1288 384 1376 deavehunt,
424 1288 463 1362 ἃ
498 1285 603 1363 velut
640 1309 743 1387 aquae
776 1285 907 1364 duiius
941 1310 966 1365 e

116 1388 301 1463 cummuni
332 1384 436 1462 fonte
456 1387 507 1461 ad
526 1388 752 1487 privatorum
783 1389 966 1465 membru·

115 1502 195 1561 rum
220 1487 315 1561 ades
338 1486 516 1561 derivauu
575 1488 690 1560 Venae
722 1487 854 1585 tripiici
878 1510 965 1562 cun·

114 1582 208 1661 stant
228 1586 374 1672 ¹tunica,
388 1586 527 1660 arteriae
554 1586 683 1684 quintu
710 1582 781 1658 lici.
833 1586 974 1661 l’raeter'

113 1684 194 1759 lraec
214 1682 304 1758 illud
333 1682 393 1757 sui
416 1682 599 1784 peculiare
631 1607 768 1758 hagene
801 1686 963 1773 arteriae,

113 1783 214 1883 quod
253 1783 433 1883 palpitent
471 1783 509 1858 δι
540 1781 717 1858 subsiliant
745 1781 846 1857 fimul
877 1806 964 1859 cum

113 1880 251 1962 corde,
287 1903 406 1975 aquo
431 1901 555 1954 motus
582 1883 642 1955 hic
666 1881 735 1956 illis
759 1884 965 1957 communi·
998 1956 1001 1961 ,

113 1980 247 2056 cature
284 1977 382 2049 unde
407 1998 513 2047 uene
529 1974 705 2070 palfirtiles
737 2001 884 2076 quoque
909 1981 965 2053 di·

112 2096 262 2155 cuntur,
287 2092 445 2172 quarum
471 2071 573 2173 pulsu
597 2073 666 2146 rite
691 2073 879 2173 explorato
900 2100 964 2176 pe·

112 2176 174 2250 riti
209 2176 433 2248 Machaonas
464 2171 676 2246 morborum
712 2169 817 2246 crises
855 2171 965 2251 facile

114 2278 350 2374 cognoicunt.
399 2270 549 2372 Triplex
569 2289 692 2345 autem
712 2270 888 2370 genuseii
901 2296 972 2349 ve·-

113 2396 256 2458 narum,
272 2395 319 2446 ex
344 2371 475 2470 quibus
500 2390 673 2469 tanquam
698 2369 864 2470 ffirpibus
886 2370 968 2466 plu·

114 2472 197 2545 rimi
229 2494 292 2570 per
320 2494 453 2571 corpus
487 2470 579 2544 rami
609 2470 648 2545 δι
678 2468 808 2545 surculi
844 2476 971 2548 oriun·
1014 2550 1018 2559 ,

115 2588 201 2645 rur:
228 2594 318 2643 venn
337 2592 446 2657 cava,
473 2591 562 2663 vana
575 2581 707 2666 porta,
730 2568 768 2643 δι
784 2594 872 2644 vena
884 2568 974 2671 pub·

113 2672 287 2744 monario.
346 2669 515 2742 Truncus
539 2688 643 2741 venae
668 2689 808 2742 cavaee
832 2670 963 2747 dextro

114 2769 235 2842 cordis
252 2765 465 2841 uentriculo
499 2765 707 2864 egreditur,
731 2767 790 2840 cui
821 2767 867 2840 ad
889 2766 964 2843 san·

113 2868 262 2965 guinem
287 2868 325 2938 in
350 2887 413 2938 cor
435 2864 661 2938 fundendum
684 2863 870 2939 immersus
897 2864 962 2958 est,

113 2963 415 3064 distinguiturque
436 2964 473 3037 in
500 2961 750 3039 ascendentem
764 2962 803 3039 &
819 2963 965 3041 descen-

114 3065 274 3139 dentem.
353 3062 407 3135 Ex
438 3059 649 3137 ascendente
682 3061 773 3136 rami
803 3061 962 3156 majores

113 3163 327 3241 minoresve·
344 3160 383 3235 in
405 3158 601 3260 jugulum,
633 3177 764 3262 caput,
788 3158 965 3262 &ipsum

771 3332 774 3337 .
852 3337 855 3341 ,
904 3282 968 3336 ce.-
1004 3333 1008 3339 ,

69 3474 120 3521 Ἠ
