<?xml version="1.0" encoding="UTF-8"?>
<!DOCTYPE html PUBLIC "-//W3C//DTD XHTML 1.0 Transitional//EN"
    "http://www.w3.org/TR/xhtml1/DTD/xhtml1-transitional.dtd">
<html xmlns="http://www.w3.org/1999/xhtml" xml:lang="en" lang="en">
 <head>
  <title>
</title>
<meta http-equiv="Content-Type" content="text/html;charset=utf-8" />
  <meta name='ocr-system' content='tesseract 3.04.00' />
  <meta name='ocr-capabilities' content='ocr_page ocr_carea ocr_par ocr_line ocrx_word'/>
</head>
<body>
  <div class='ocr_page' id='page_1' title='image "./bibliothecadome02manngoog_0440.png"; bbox 0 0 2086 3682; ppageno 0'>
   <div class='ocr_carea' id='block_1_1' title="bbox 336 120 929 258">
    <p class='ocr_par' dir='ltr' id='par_1_1' title="bbox 336 120 929 258">
     <span class='ocr_line' id='line_1_1' title="bbox 336 120 929 258; baseline -0.003 -30"><span class='ocrx_word' id='word_1_1' title='bbox 336 137 594 254; x_wconf 79' lang='lat' dir='ltr'>Astronumiu.</span> <span class='ocrx_word' id='word_1_2' title='bbox 685 120 689 129; x_wconf 65' lang='grc'><strong>’</strong></span> <span class='ocrx_word' id='word_1_3' title='bbox 841 166 929 258; x_wconf 78' lang='lat'>399</span> 
     </span>
    </p>
   </div>
   <div class='ocr_carea' id='block_1_2' title="bbox 64 298 935 1489">
    <p class='ocr_par' dir='ltr' id='par_1_2' title="bbox 64 298 935 1489">
     <span class='ocr_line' id='line_1_2' title="bbox 67 298 925 402; baseline -0.002 -23"><span class='ocrx_word' id='word_1_4' title='bbox 67 304 209 402; x_wconf 78' lang='lat' dir='ltr'>desque</span> <span class='ocrx_word' id='word_1_5' title='bbox 233 304 378 402; x_wconf 83' lang='lat' dir='ltr'>propria</span> <span class='ocrx_word' id='word_1_6' title='bbox 403 303 441 377; x_wconf 89' lang='lat'>&amp;</span> <span class='ocrx_word' id='word_1_7' title='bbox 466 301 595 377; x_wconf 81' lang='lat' dir='ltr'>stabilis</span> <span class='ocrx_word' id='word_1_8' title='bbox 619 298 670 376; x_wconf 88' lang='lat' dir='ltr'>est</span> <span class='ocrx_word' id='word_1_9' title='bbox 691 302 925 402; x_wconf 75' lang='lat' dir='ltr'>AEquinotiii,</span> 
     </span>
     <span class='ocr_line' id='line_1_3' title="bbox 67 400 926 503; baseline -0.001 -25"><span class='ocrx_word' id='word_1_10' title='bbox 67 427 188 503; x_wconf 90' lang='lat' dir='ltr'>quum</span> <span class='ocrx_word' id='word_1_11' title='bbox 213 400 286 476; x_wconf 84' lang='lat' dir='ltr'>sole</span> <span class='ocrx_word' id='word_1_12' title='bbox 311 405 348 475; x_wconf 90' lang='lat' dir='ltr'>in</span> <span class='ocrx_word' id='word_1_13' title='bbox 375 425 421 476; x_wconf 87' lang='lat' dir='ltr'>eo</span> <span class='ocrx_word' id='word_1_14' title='bbox 446 401 652 501; x_wconf 86' lang='lat' dir='ltr'>hospitante</span> <span class='ocrx_word' id='word_1_15' title='bbox 669 403 836 477; x_wconf 84' lang='lat' dir='ltr'>universo</span> <span class='ocrx_word' id='word_1_16' title='bbox 852 423 926 477; x_wconf 81' lang='lat' dir='ltr'>tet·</span> 
     </span>
     <span class='ocr_line' id='line_1_4' title="bbox 66 497 925 599; baseline -0.001 -22"><span class='ocrx_word' id='word_1_17' title='bbox 66 524 192 577; x_wconf 86' lang='lat' dir='ltr'>rarum</span> <span class='ocrx_word' id='word_1_18' title='bbox 230 502 311 575; x_wconf 87' lang='lat' dir='ltr'>orbi</span> <span class='ocrx_word' id='word_1_19' title='bbox 342 523 446 598; x_wconf 84' lang='lat' dir='ltr'>aequa</span> <span class='ocrx_word' id='word_1_20' title='bbox 477 502 547 575; x_wconf 85' lang='lat' dir='ltr'>diei</span> <span class='ocrx_word' id='word_1_21' title='bbox 581 497 768 599; x_wconf 64' lang='lat' dir='ltr'>nodisque</span> <span class='ocrx_word' id='word_1_22' title='bbox 806 503 925 576; x_wconf 86' lang='lat' dir='ltr'>obtin·</span> 
     </span>
     <span class='ocr_line' id='line_1_5' title="bbox 93 598 921 715; baseline -0.001 -40"><span class='ocrx_word' id='word_1_23' title='bbox 93 621 132 677; x_wconf 86' lang='lat' dir='ltr'>at</span> <span class='ocrx_word' id='word_1_24' title='bbox 151 602 303 699; x_wconf 79' lang='lat' dir='ltr'>portio:</span> <span class='ocrx_word' id='word_1_25' title='bbox 328 601 415 673; x_wconf 93' lang='lat' dir='ltr'>hinc</span> <span class='ocrx_word' id='word_1_26' title='bbox 440 623 588 715; x_wconf 75' lang='lat' dir='ltr'>quoque</span> <span class='ocrx_word' id='word_1_27' title='bbox 612 602 774 674; x_wconf 88' lang='lat' dir='ltr'>unanimi</span> <span class='ocrx_word' id='word_1_28' title='bbox 800 598 921 675; x_wconf 85' lang='lat' dir='ltr'>Astro-</span> 
     </span>
     <span class='ocr_line' id='line_1_6' title="bbox 66 624 924 801; baseline -0.001 -26"><span class='ocrx_word' id='word_1_29' title='bbox 66 624 239 801; x_wconf 49' lang='lat' dir='ltr'>{gotum</span> <span class='ocrx_word' id='word_1_30' title='bbox 264 697 432 798; x_wconf 84' lang='lat' dir='ltr'>suffragio</span> <span class='ocrx_word' id='word_1_31' title='bbox 457 700 600 789; x_wconf 77' lang='lat' dir='ltr'>initium</span> <span class='ocrx_word' id='word_1_32' title='bbox 628 697 758 772; x_wconf 88' lang='lat' dir='ltr'>calculi</span> <span class='ocrx_word' id='word_1_33' title='bbox 791 699 924 775; x_wconf 82' lang='lat' dir='ltr'>exilio</span> 
     </span>
     <span class='ocr_line' id='line_1_7' title="bbox 68 797 935 897; baseline 0.002 -27"><span class='ocrx_word' id='word_1_34' title='bbox 68 799 235 882; x_wconf 85' lang='lat' dir='ltr'>ducitur,</span> <span class='ocrx_word' id='word_1_35' title='bbox 276 820 342 893; x_wconf 87' lang='lat' dir='ltr'>pet</span> <span class='ocrx_word' id='word_1_36' title='bbox 371 797 527 894; x_wconf 86' lang='lat' dir='ltr'>reliquas</span> <span class='ocrx_word' id='word_1_37' title='bbox 554 799 636 871; x_wconf 89' lang='lat' dir='ltr'>anni</span> <span class='ocrx_word' id='word_1_38' title='bbox 662 799 776 871; x_wconf 90' lang='lat' dir='ltr'>totius</span> <span class='ocrx_word' id='word_1_39' title='bbox 801 817 935 897; x_wconf 50' lang='lat' dir='ltr'>partes„</span> 
     </span>
     <span class='ocr_line' id='line_1_8' title="bbox 66 893 924 998; baseline 0.001 -28"><span class='ocrx_word' id='word_1_40' title='bbox 66 893 297 998; x_wconf 80' lang='lat' dir='ltr'>progreffuti.</span> <span class='ocrx_word' id='word_1_41' title='bbox 374 897 480 970; x_wconf 87' lang='lat' dir='ltr'>Motu</span> <span class='ocrx_word' id='word_1_42' title='bbox 513 898 587 969; x_wconf 89' lang='lat' dir='ltr'>hoc</span> <span class='ocrx_word' id='word_1_43' title='bbox 622 893 778 971; x_wconf 89' lang='lat' dir='ltr'>secundo</span> <span class='ocrx_word' id='word_1_44' title='bbox 817 894 924 971; x_wconf 83' lang='lat' dir='ltr'><strong>stellae</strong></span> 
     </span>
     <span class='ocr_line' id='line_1_9' title="bbox 66 993 923 1092; baseline 0.001 -22"><span class='ocrx_word' id='word_1_45' title='bbox 66 1016 196 1070; x_wconf 82' lang='lat' dir='ltr'>omnes</span> <span class='ocrx_word' id='word_1_46' title='bbox 222 993 301 1069; x_wconf 83' lang='lat' dir='ltr'>fixae</span> <span class='ocrx_word' id='word_1_47' title='bbox 329 994 419 1067; x_wconf 85' lang='lat' dir='ltr'>nihil</span> <span class='ocrx_word' id='word_1_48' title='bbox 445 996 657 1078; x_wconf 85' lang='lat' dir='ltr'>immutata,</span> <span class='ocrx_word' id='word_1_49' title='bbox 690 1018 800 1092; x_wconf 87' lang='lat' dir='ltr'>quam</span> <span class='ocrx_word' id='word_1_50' title='bbox 826 997 923 1071; x_wconf 87' lang='lat' dir='ltr'>iuter</span> 
     </span>
     <span class='ocr_line' id='line_1_10' title="bbox 67 1091 921 1182; baseline 0 -14"><span class='ocrx_word' id='word_1_51' title='bbox 67 1092 288 1168; x_wconf 82' lang='lat' dir='ltr'>seinvicem</span> <span class='ocrx_word' id='word_1_52' title='bbox 326 1113 482 1182; x_wconf 87' lang='lat' dir='ltr'>tenent,</span> <span class='ocrx_word' id='word_1_53' title='bbox 519 1092 684 1166; x_wconf 84' lang='lat' dir='ltr'>distantia</span> <span class='ocrx_word' id='word_1_54' title='bbox 722 1091 921 1168; x_wconf 88' lang='lat' dir='ltr'>secundum</span> 
     </span>
     <span class='ocr_line' id='line_1_11' title="bbox 65 1190 921 1291; baseline 0.002 -26"><span class='ocrx_word' id='word_1_55' title='bbox 65 1191 223 1267; x_wconf 87' lang='lat' dir='ltr'>Zudiaci</span> <span class='ocrx_word' id='word_1_56' title='bbox 245 1194 349 1265; x_wconf 83' lang='lat' dir='ltr'>-viam</span> <span class='ocrx_word' id='word_1_57' title='bbox 380 1191 439 1266; x_wconf 83' lang='lat' dir='ltr'>fibi</span> <span class='ocrx_word' id='word_1_58' title='bbox 491 1190 706 1291; x_wconf 67' lang='lat' dir='ltr'>rescriptam</span> <span class='ocrx_word' id='word_1_59' title='bbox 739 1193 784 1267; x_wconf 89' lang='lat' dir='ltr'>ab</span> <span class='ocrx_word' id='word_1_60' title='bbox 816 1216 921 1267; x_wconf 92' lang='lat' dir='ltr'>occa·</span> 
     </span>
     <span class='ocr_line' id='line_1_12' title="bbox 64 1290 923 1390; baseline 0.003 -25"><span class='ocrx_word' id='word_1_61' title='bbox 64 1290 166 1365; x_wconf 87' lang='lat' dir='ltr'>suin</span> <span class='ocrx_word' id='word_1_62' title='bbox 191 1312 317 1365; x_wconf 86' lang='lat' dir='ltr'>ortum</span> <span class='ocrx_word' id='word_1_63' title='bbox 343 1292 436 1365; x_wconf 86' lang='lat' dir='ltr'>tardi</span> <span class='ocrx_word' id='word_1_64' title='bbox 465 1314 539 1369; x_wconf 77' lang='lat' dir='ltr'>imo</span> <span class='ocrx_word' id='word_1_65' title='bbox 570 1291 686 1389; x_wconf 84' lang='lat' dir='ltr'>gradu</span> <span class='ocrx_word' id='word_1_66' title='bbox 709 1295 923 1390; x_wconf 88' lang='lat' dir='ltr'>promoveri·</span> 
     </span>
     <span class='ocr_line' id='line_1_13' title="bbox 64 1386 919 1489; baseline 0 -22"><span class='ocrx_word' id='word_1_67' title='bbox 64 1391 263 1477; x_wconf 83' lang='lat' dir='ltr'>videntur,</span> <span class='ocrx_word' id='word_1_68' title='bbox 290 1386 422 1489; x_wconf 84' lang='lat' dir='ltr'>quovis</span> <span class='ocrx_word' id='word_1_69' title='bbox 447 1392 617 1467; x_wconf 91' lang='lat' dir='ltr'>nimirum</span> <span class='ocrx_word' id='word_1_70' title='bbox 648 1414 744 1465; x_wconf 87' lang='lat' dir='ltr'>anno</span> <span class='ocrx_word' id='word_1_71' title='bbox 767 1394 919 1467; x_wconf 85' lang='lat' dir='ltr'>minutis</span> 
     </span>
    </p>
   </div>
   <div class='ocr_carea' id='block_1_3' title="bbox 64 1494 930 1677">
    <p class='ocr_par' dir='ltr' id='par_1_3' title="bbox 64 1494 930 1677">
     <span class='ocr_line' id='line_1_14' title="bbox 64 1494 930 1677; baseline 0.002 -66"><span class='ocrx_word' id='word_1_72' title='bbox 64 1534 231 1677; x_wconf 70' lang='lat' dir='ltr'>secundis</span> <span class='ocrx_word' id='word_1_73' title='bbox 271 1494 343 1628; x_wconf 58' lang='lat' dir='ltr'>par,</span> <span class='ocrx_word' id='word_1_74' title='bbox 383 1555 476 1636; x_wconf 84' lang='lat' dir='ltr'>quot</span> <span class='ocrx_word' id='word_1_75' title='bbox 506 1536 796 1617; x_wconf 84' lang='lat' dir='ltr'>hebdomadibus</span> <span class='ocrx_word' id='word_1_76' title='bbox 827 1543 930 1613; x_wconf 80' lang='lat' dir='ltr'>vcro&#39;</span> 
     </span>
    </p>
   </div>
   <div class='ocr_carea' id='block_1_4' title="bbox 10 1640 918 3363">
    <p class='ocr_par' dir='ltr' id='par_1_4' title="bbox 10 1640 918 1882">
     <span class='ocr_line' id='line_1_15' title="bbox 10 1640 918 1782; baseline 0.001 -24"><span class='ocrx_word' id='word_1_77' title='bbox 10 1764 12 1770; x_wconf 66' lang='grc'>,</span> <span class='ocrx_word' id='word_1_78' title='bbox 63 1685 137 1769; x_wconf 82' lang='lat' dir='ltr'>riu¹</span> <span class='ocrx_word' id='word_1_79' title='bbox 159 1640 213 1773; x_wconf 76' lang='lat' dir='ltr'>i,</span> <span class='ocrx_word' id='word_1_80' title='bbox 250 1683 302 1759; x_wconf 89' lang='lat' dir='ltr'>ita</span> <span class='ocrx_word' id='word_1_81' title='bbox 334 1704 378 1758; x_wconf 93' lang='lat' dir='ltr'>ut</span> <span class='ocrx_word' id='word_1_82' title='bbox 413 1703 493 1759; x_wconf 85' lang='lat' dir='ltr'>tota</span> <span class='ocrx_word' id='word_1_83' title='bbox 532 1683 703 1782; x_wconf 84' lang='lat' dir='ltr'>periodus</span> <span class='ocrx_word' id='word_1_84' title='bbox 737 1707 918 1759; x_wconf 87' lang='lat' dir='ltr'>annorum</span> 
     </span>
     <span class='ocr_line' id='line_1_16' title="bbox 63 1782 917 1882; baseline 0.002 -25"><span class='ocrx_word' id='word_1_85' title='bbox 63 1802 178 1875; x_wconf 79' lang='lat'><em>254¹</em></span> <span class='ocrx_word' id='word_1_86' title='bbox 193 1802 225 1873; x_wconf 83' lang='lat'>5.</span> <span class='ocrx_word' id='word_1_87' title='bbox 251 1782 364 1881; x_wconf 82' lang='lat' dir='ltr'>spatio</span> <span class='ocrx_word' id='word_1_88' title='bbox 388 1785 545 1882; x_wconf 87' lang='lat' dir='ltr'>primum</span> <span class='ocrx_word' id='word_1_89' title='bbox 570 1782 788 1857; x_wconf 84' lang='lat' dir='ltr'>absolvatur.</span> <span class='ocrx_word' id='word_1_90' title='bbox 843 1784 917 1859; x_wconf 89' lang='lat' dir='ltr'>De·</span> 
     </span>
    </p>

    <p class='ocr_par' dir='ltr' id='par_1_5' title="bbox 37 1881 917 2771">
     <span class='ocr_line' id='line_1_17' title="bbox 37 1881 916 1980; baseline 0.003 -25"><span class='ocrx_word' id='word_1_91' title='bbox 37 1906 40 1912; x_wconf 80' lang='grc'>’</span> <span class='ocrx_word' id='word_1_92' title='bbox 64 1900 191 1957; x_wconf 83' lang='lat' dir='ltr'>texere</span> <span class='ocrx_word' id='word_1_93' title='bbox 221 1882 321 1955; x_wconf 88' lang='lat' dir='ltr'>hunc</span> <span class='ocrx_word' id='word_1_94' title='bbox 355 1903 500 1957; x_wconf 90' lang='lat' dir='ltr'>motum</span> <span class='ocrx_word' id='word_1_95' title='bbox 527 1881 684 1980; x_wconf 85' lang='lat' dir='ltr'>plurium</span> <span class='ocrx_word' id='word_1_96' title='bbox 711 1882 916 1961; x_wconf 83' lang='lat' dir='ltr'>seculorum</span> 
     </span>
     <span class='ocr_line' id='line_1_18' title="bbox 60 1976 917 2076; baseline 0.001 -23"><span class='ocrx_word' id='word_1_97' title='bbox 60 1976 336 2067; x_wconf 83' lang='lat' dir='ltr'>observationes</span> <span class='ocrx_word' id='word_1_98' title='bbox 371 2004 393 2053; x_wconf 85' lang='lat' dir='ltr'>a</span> <span class='ocrx_word' id='word_1_99' title='bbox 420 1981 516 2064; x_wconf 58' lang='lat' dir='ltr'>viris,</span> <span class='ocrx_word' id='word_1_100' title='bbox 538 1976 755 2076; x_wconf 84' lang='lat' dir='ltr'>peritiffimis</span> <span class='ocrx_word' id='word_1_101' title='bbox 781 1979 917 2054; x_wconf 84' lang='lat' dir='ltr'>institu-</span> 
     </span>
     <span class='ocr_line' id='line_1_19' title="bbox 60 2074 917 2179; baseline -0.004 -25"><span class='ocrx_word' id='word_1_102' title='bbox 60 2095 124 2169; x_wconf 75' lang='lat' dir='ltr'>te,</span> <span class='ocrx_word' id='word_1_103' title='bbox 136 2080 201 2179; x_wconf 90' lang='lat' dir='ltr'>qui</span> <span class='ocrx_word' id='word_1_104' title='bbox 224 2082 378 2179; x_wconf 83' lang='lat' dir='ltr'>primam</span> <span class='ocrx_word' id='word_1_105' title='bbox 402 2077 538 2153; x_wconf 87' lang='lat' dir='ltr'>Arietis</span> <span class='ocrx_word' id='word_1_106' title='bbox 566 2074 713 2161; x_wconf 78' lang='lat' dir='ltr'>stellam,</span> <span class='ocrx_word' id='word_1_107' title='bbox 729 2100 808 2174; x_wconf 89' lang='lat' dir='ltr'>quae</span> <span class='ocrx_word' id='word_1_108' title='bbox 826 2098 917 2151; x_wconf 85' lang='lat' dir='ltr'>tem·</span> 
     </span>
     <span class='ocr_line' id='line_1_20' title="bbox 59 2171 917 2278; baseline -0.002 -25"><span class='ocrx_word' id='word_1_109' title='bbox 59 2201 154 2277; x_wconf 87' lang='lat' dir='ltr'>pore</span> <span class='ocrx_word' id='word_1_110' title='bbox 179 2176 369 2253; x_wconf 80' lang='lat' dir='ltr'>Ptolomaei</span> <span class='ocrx_word' id='word_1_111' title='bbox 398 2199 512 2278; x_wconf 87' lang='lat' dir='ltr'>prope</span> <span class='ocrx_word' id='word_1_112' title='bbox 544 2171 719 2273; x_wconf 70' lang='lat' dir='ltr'>puniium</span> <span class='ocrx_word' id='word_1_113' title='bbox 741 2177 917 2275; x_wconf 85' lang='lat' dir='ltr'>AEquino·</span> 
     </span>
     <span class='ocr_line' id='line_1_21' title="bbox 60 2274 915 2362; baseline -0.001 -12"><span class='ocrx_word' id='word_1_114' title='bbox 60 2274 122 2362; x_wconf 68' lang='lat' dir='ltr'>&amp;ii</span> <span class='ocrx_word' id='word_1_115' title='bbox 148 2276 374 2353; x_wconf 86' lang='lat' dir='ltr'>domicilium</span> <span class='ocrx_word' id='word_1_116' title='bbox 400 2276 491 2361; x_wconf 81' lang='lat' dir='ltr'>fixit,</span> <span class='ocrx_word' id='word_1_117' title='bbox 518 2276 629 2350; x_wconf 85' lang='lat' dir='ltr'>Tauri</span> <span class='ocrx_word' id='word_1_118' title='bbox 654 2274 778 2349; x_wconf 87' lang='lat' dir='ltr'>locum</span> <span class='ocrx_word' id='word_1_119' title='bbox 804 2298 915 2349; x_wconf 91' lang='lat' dir='ltr'>occu·</span> 
     </span>
     <span class='ocr_line' id='line_1_22' title="bbox 59 2372 915 2475; baseline 0 -26"><span class='ocrx_word' id='word_1_120' title='bbox 59 2372 186 2474; x_wconf 81' lang='lat' dir='ltr'>paffe,</span> <span class='ocrx_word' id='word_1_121' title='bbox 223 2376 395 2459; x_wconf 78' lang='lat' dir='ltr'>translata</span> <span class='ocrx_word' id='word_1_122' title='bbox 429 2398 577 2475; x_wconf 89' lang='lat' dir='ltr'>quoque</span> <span class='ocrx_word' id='word_1_123' title='bbox 614 2373 727 2447; x_wconf 86' lang='lat' dir='ltr'>Tauri</span> <span class='ocrx_word' id='word_1_124' title='bbox 761 2373 842 2449; x_wconf 82' lang='lat' dir='ltr'>sede</span> <span class='ocrx_word' id='word_1_125' title='bbox 875 2376 915 2449; x_wconf 91' lang='lat' dir='ltr'>in</span> 
     </span>
     <span class='ocr_line' id='line_1_23' title="bbox 60 2472 914 2564; baseline 0 -15"><span class='ocrx_word' id='word_1_126' title='bbox 60 2474 265 2561; x_wconf 81' lang='lat' dir='ltr'>Geminus,</span> <span class='ocrx_word' id='word_1_127' title='bbox 292 2472 534 2551; x_wconf 87' lang='lat' dir='ltr'>Geminorum</span> <span class='ocrx_word' id='word_1_128' title='bbox 560 2475 598 2553; x_wconf 87' lang='lat' dir='ltr'>in</span> <span class='ocrx_word' id='word_1_129' title='bbox 623 2474 830 2564; x_wconf 85' lang='lat' dir='ltr'>Cancrum,</span> <span class='ocrx_word' id='word_1_130' title='bbox 857 2498 914 2549; x_wconf 88' lang='lat' dir='ltr'>re·</span> 
     </span>
     <span class='ocr_line' id='line_1_24' title="bbox 58 2570 912 2689; baseline 0.001 -42"><span class='ocrx_word' id='word_1_131' title='bbox 58 2570 321 2689; x_wconf 79' lang='lat' dir='ltr'>liquorumque</span> <span class='ocrx_word' id='word_1_132' title='bbox 354 2574 392 2647; x_wconf 93' lang='lat' dir='ltr'>in</span> <span class='ocrx_word' id='word_1_133' title='bbox 417 2572 643 2648; x_wconf 84' lang='lat' dir='ltr'>succedentia</span> <span class='ocrx_word' id='word_1_134' title='bbox 669 2570 790 2672; x_wconf 78' lang='lat' dir='ltr'>signa,</span> <span class='ocrx_word' id='word_1_135' title='bbox 832 2597 912 2672; x_wconf 87' lang='lat' dir='ltr'>per·</span> 
     </span>
     <span class='ocr_line' id='line_1_25' title="bbox 60 2669 913 2771; baseline -0.002 -24"><span class='ocrx_word' id='word_1_136' title='bbox 60 2670 185 2771; x_wconf 79' lang='lat' dir='ltr'>spicue</span> <span class='ocrx_word' id='word_1_137' title='bbox 209 2669 291 2747; x_wconf 84' lang='lat' dir='ltr'>satis</span> <span class='ocrx_word' id='word_1_138' title='bbox 317 2690 503 2749; x_wconf 87' lang='lat' dir='ltr'>notarunt.</span> <span class='ocrx_word' id='word_1_139' title='bbox 573 2673 713 2745; x_wconf 88' lang='lat' dir='ltr'>Primus</span> <span class='ocrx_word' id='word_1_140' title='bbox 750 2673 813 2769; x_wconf 83' lang='lat' dir='ltr'>qui</span> <span class='ocrx_word' id='word_1_141' title='bbox 835 2675 913 2745; x_wconf 89' lang='lat' dir='ltr'>lon·</span> 
     </span>
    </p>

    <p class='ocr_par' dir='ltr' id='par_1_6' title="bbox 10 2769 913 3068">
     <span class='ocr_line' id='line_1_26' title="bbox 10 2769 913 2871; baseline -0.008 -21"><span class='ocrx_word' id='word_1_142' title='bbox 10 2810 16 2821; x_wconf 88' lang='lat'>·</span> <span class='ocrx_word' id='word_1_143' title='bbox 60 2770 294 2871; x_wconf 77' lang='lat' dir='ltr'>gitudinum,</span> <span class='ocrx_word' id='word_1_144' title='bbox 329 2794 419 2869; x_wconf 89' lang='lat' dir='ltr'>quas</span> <span class='ocrx_word' id='word_1_145' title='bbox 443 2769 521 2845; x_wconf 76' lang='lat' dir='ltr'>fixae</span> <span class='ocrx_word' id='word_1_146' title='bbox 547 2770 750 2855; x_wconf 86' lang='lat' dir='ltr'>observant,</span> <span class='ocrx_word' id='word_1_147' title='bbox 776 2770 913 2844; x_wconf 85' lang='lat' dir='ltr'>catalu-</span> 
     </span>
     <span class='ocr_line' id='line_1_27' title="bbox 60 2867 912 2971; baseline -0.006 -25"><span class='ocrx_word' id='word_1_148' title='bbox 60 2892 151 2971; x_wconf 71' lang='lat' dir='ltr'>gum</span> <span class='ocrx_word' id='word_1_149' title='bbox 175 2869 363 2956; x_wconf 75' lang='lat' dir='ltr'>exhibuit,</span> <span class='ocrx_word' id='word_1_150' title='bbox 394 2867 466 2943; x_wconf 85' lang='lat' dir='ltr'>fuit</span> <span class='ocrx_word' id='word_1_151' title='bbox 491 2871 722 2968; x_wconf 78' lang='lat' dir='ltr'>Hipparchus</span> <span class='ocrx_word' id='word_1_152' title='bbox 747 2869 912 2941; x_wconf 84' lang='lat' dir='ltr'>Rhodius</span> 
     </span>
     <span class='ocr_line' id='line_1_28' title="bbox 61 2967 912 3068; baseline -0.006 -25"><span class='ocrx_word' id='word_1_153' title='bbox 61 2972 165 3047; x_wconf 85' lang='lat' dir='ltr'>annis</span> <span class='ocrx_word' id='word_1_154' title='bbox 189 2967 267 3045; x_wconf 83' lang='lat' dir='ltr'>fere</span> <span class='ocrx_word' id='word_1_155' title='bbox 294 2987 442 3043; x_wconf 89' lang='lat' dir='ltr'>centum</span> <span class='ocrx_word' id='word_1_156' title='bbox 475 2968 513 3043; x_wconf 78' lang='lat' dir='ltr'>dr</span> <span class='ocrx_word' id='word_1_157' title='bbox 538 2970 666 3068; x_wconf 83' lang='lat' dir='ltr'>viginti</span> <span class='ocrx_word' id='word_1_158' title='bbox 693 2987 778 3039; x_wconf 89' lang='lat' dir='ltr'>ante</span> <span class='ocrx_word' id='word_1_159' title='bbox 804 2967 912 3039; x_wconf 87' lang='lat' dir='ltr'>Chri-</span> 
     </span>
    </p>

    <p class='ocr_par' dir='ltr' id='par_1_7' title="bbox 10 3064 911 3363">
     <span class='ocr_line' id='line_1_29' title="bbox 10 3064 911 3155; baseline -0.007 -10"><span class='ocrx_word' id='word_1_160' title='bbox 10 3087 17 3132; x_wconf 72' lang='lat'>=</span> <span class='ocrx_word' id='word_1_161' title='bbox 62 3064 155 3153; x_wconf 82' lang='lat' dir='ltr'>stum</span> <span class='ocrx_word' id='word_1_162' title='bbox 189 3089 342 3155; x_wconf 82' lang='lat' dir='ltr'>natum:</span> <span class='ocrx_word' id='word_1_163' title='bbox 390 3067 489 3153; x_wconf 86' lang='lat' dir='ltr'>hunc</span> <span class='ocrx_word' id='word_1_164' title='bbox 518 3066 729 3144; x_wconf 85' lang='lat' dir='ltr'>emendavit</span> <span class='ocrx_word' id='word_1_165' title='bbox 763 3064 911 3139; x_wconf 82' lang='lat' dir='ltr'>Aibatc·</span> 
     </span>
     <span class='ocr_line' id='line_1_30' title="bbox 63 3160 911 3265; baseline -0.009 -20"><span class='ocrx_word' id='word_1_166' title='bbox 63 3170 169 3265; x_wconf 75' lang='lat' dir='ltr'>gaius</span> <span class='ocrx_word' id='word_1_167' title='bbox 193 3171 296 3245; x_wconf 84' lang='lat' dir='ltr'>annis</span> <span class='ocrx_word' id='word_1_168' title='bbox 322 3165 400 3263; x_wconf 87' lang='lat' dir='ltr'>post</span> <span class='ocrx_word' id='word_1_169' title='bbox 424 3167 471 3242; x_wconf 41' lang='lat' dir='ltr'>Cn</span> <span class='ocrx_word' id='word_1_170' title='bbox 494 3171 541 3261; x_wconf 79' lang='lat' dir='ltr'>N.</span> <span class='ocrx_word' id='word_1_171' title='bbox 569 3164 785 3263; x_wconf 73' lang='lat' dir='ltr'>ociingentis</span> <span class='ocrx_word' id='word_1_172' title='bbox 812 3160 911 3253; x_wconf 58' lang='grc' dir='ltr'>οξὶορ</span> 
     </span>
     <span class='ocr_line' id='line_1_31' title="bbox 110 3262 911 3363; baseline -0.01 -18"><span class='ocrx_word' id='word_1_173' title='bbox 110 3264 645 3358; x_wconf 67' lang='lat' dir='ltr'>errrrorn.uonsr.en.1X.</span> <span class='ocrx_word' id='word_1_174' title='bbox 711 3262 781 3337; x_wconf 90' lang='lat' dir='ltr'>Cc</span> <span class='ocrx_word' id='word_1_175' title='bbox 833 3264 911 3363; x_wconf 85' lang='lat' dir='ltr'>gin·</span> 
     </span>
    </p>
   </div>
   <div class='ocr_carea' id='block_1_5' title="bbox 0 0 1048 3682">
    <p class='ocr_par' dir='ltr' id='par_1_8' title="bbox 0 0 1048 3682">
     <span class='ocr_line' id='line_1_32' title="bbox 0 0 1048 3682; baseline 0 2"><span class='ocrx_word' id='word_1_176' title='bbox 0 0 1048 3682; x_wconf 95' lang='lat' dir='ltr'> </span> 
     </span>
    </p>
   </div>
  </div>
 </body>
</html>
