2086 3682
16 104 62 115 ”
144 128 228 223 130
408 99 743 226 ,CopntIV''

69 280 76 290 “
104 360 105 365 Ν
141 271 216 345 late
241 267 394 358 diffusa,
417 267 508 370 ipsas
534 293 683 370 quoque
708 268 886 347 ostiorum
906 268 1005 361 insu,

38 454 40 459 ,
139 369 192 444 las
234 371 379 456 tenuit,
442 394 573 445 uarum
611 370 772 444 maxima
811 370 1003 457 dicebatur

140 470 279 567 Peuce,
304 395 588 544 undebeucini.
670 478 673 483 '
960 552 963 561 ¹

228 607 445 703 libatiam
466 609 510 691 V
508 610 711 688 indelicinn
735 608 777 688 &⁴
797 609 1001 704 Noricum,

141 724 216 788 tres
240 715 306 786 has
329 713 519 814 regiones,
544 736 635 812 quae¹
650 713 762 788 modo
787 713 1000 790 'Germania

141 813 455 904 adnumerantur,
490 810 650 886 Veteres
677 829 780 886 extra
804 810 907 887 illato
933 832 1001 914 po·

40 996 73 1011 ,Ι
101 906 103 912 ’
141 911 276 997 litere,
310 930 423 1010 quum
454 912 550 985 intra
573 910 784 986 Danubium
810 906 881 986 srtae
906 910 998 1001 fint,
1028 906 1033 915 “

139 1011 186 1086 ad
208 1012 310 1109 quod
339 1009 476 1089 flumen
501 1029 677 1108 tanquam
717 1008 903 1110 praefixum
937 1011 1028 1087 fibi¹

48 1104 51 1108 ’
137 1105 291 1184 limitem
318 1109 501 1183 istebatur
528 1108 738 1184 Germania.
798 1107 997 1187 Vindelitii

15 1224 53 1287 Γ
105 1286 107 1291 ,
138 1229 185 1284 ex
209 1207 370 1307 Illyricis,
388 1209 528 1283 Rhoetii
555 1208 601 1281 eir
627 1207 730 1282 Italia
755 1224 877 1282 ortum
895 1208 998 1285 suum

126 1327 294 1383 traxere.
359 1307 500 1381 Priores
526 1325 631 1382 terrae
656 1304 811 1382 nattum
837 1307 999 1385 incolue-

138 1407 250 1492 runt,
275 1426 388 1503 quem
413 1407 625 1495 Danubius,
650 1407 805 1493 oenus,
826 1406 869 1482 'dr
895 1403 998 1484 lacus
1032 1472 1036 1479 .

138 1506 371 1605 Brigantinus
408 1506 613 1592 continent.
692 1506 827 1583 Eorum
868 1507 997 1606 popuii
1030 1522 1033 1527 ’

64 1684 67 1691 ,
138 1601 289 1678 fuerunt
309 1606 466 1692 Brenni,
495 1604 690 1690 Genauni,
716 1602 887 1693 Licates,
912 1604 996 1693 liar·

62 1772 65 1777 .
138 1700 196 1777 cii.
262 1703 389 1777 Rhoeti
417 1700 559 1800 alpibus
592 1704 630 1779 &
657 1700 812 1789 vallibus
838 1701 1023 1779 conclust'

28 1840 31 1845 ¹
113 1834 115 1839 ·
137 1797 331 1878 censebant
354 1798 416 1877 sub
442 1803 476 1877 se
502 1794 695 1890 Grisones',
722 1800 934 1891 Vennones,
955 1804 994 1880 dt

137 1895 404 1977 incolas'vallis
428 1902 588 1977 Teilinae.
647 1903 741 1975 Sunt
765 1920 905 1987 tamen,
930 1903 994 2003 qui

137 2003 332 2201 irriga
356 1999 857 2188 instantiora
873 2000 994 2175 tha

135 2217 195 2273 tos
223 2199 467 2301 dispartiunt,
502 2221 660 2295 quorum
682 2201 800 2273 urbes·
818 2199 993 2289 Verona,

75 2348 79 2359 -
135 2300 296 2386 Brixino,
321 2297 538 2372 Tridentum
564 2297 602 2369 &
621 2294 758 2370 Terioli
784 2295 843 2369 seu
864 2299 993 2396 Tyrol.

63 2420 75 2485 g
136 2398 319 2472 Noricum
342 2423 365 2474 a
391 2394 517 2469 Fluvio
538 2393 650 2469 Oeno
667 2393 763 2467 circa
778 2396 993 2473 Danubium

49 2544 51 2553 ·
136 2497 183 2569 ad
214 2495 328 2594 usque
364 2506 532 2568 montem
569 2492 720 2567 Cetium
760 2494 993 2572 Vindobona

161 2597 342 2669 mximum
372 2589 407 2666 se
432 2591 653 2692 porigebat=
681 2590 777 2666 aliud
801 2593 992 2671 dicebatur

21 2706 22 2713 ’
133 2617 463 2779 biediterraneum,
487 2694 550 2765 ubi
576 2714 675 2766 nunc
696 2690 878 2780 Carniola,
893 2692 992 2785 aliud

135 2787 313 2889 Ripense,
356 2809 439 2890 pars
468 2793 580 2867 modo
603 2789 782 2879 Andria,
815 2815 859 2867 ac
884 2790 990 2867 Salis·

135 2886 318 2988 burgeufis
357 2891 517 2970 ditionis.

212 3030 431 3111 Pannoniam
455 3032 659 3110 universam
677 3023 811 3112 fluvius
839 3032 994 3115 Arabon·

15 3228 20 3233 Ι
108 3129 379 3236 'distinguebat
395 3137 455 3212 ·in
486 3135 706 3236 superiorem
743 3135 805 3211 seu
833 3136 991 3235 primam

887 3232 995 3317 Con·i
