2086 3682
28 204 30 208 ⁴
120 113 168 226 6
330 132 457 256 Caput
491 133 525 224 L
562 133 786 227 Encumlr'rm

141 321 185 375 uc
213 296 496 397 vicillitudinum
532 301 664 373 notitia
696 301 742 374 ad
776 296 992 386 inlitinnes,

43 461 46 466 .
130 397 406 499 plantationes,
438 397 615 474 sementes
640 397 691 472 est
716 396 930 485 necessaria,
954 400 993 472 ni

23 517 26 526 ·
140 498 328 596 penuriam
368 498 405 572 &
436 499 653 573 charitatem
684 511 856 577 annuuntx
875 496 994 572 velint

139 597 304 696 experiri.
362 602 487 697 Atque
511 597 594 672 haec'
612 597 705 698 ipla‚
730 599 776 670 de
804 620 877 694 qua
899 597 991 683 dixi,

71 724 74 731 ·
140 711 222 779 turn
246 694 405 783 utilitas,
433 716 512 770 tum
538 697 650 770 etiam
675 688 864 772 neceffitas
891 692 992 770 nobi·

75 832 80 841 1
139 791 274 869 liffimae
304 795 413 886 huius
444 797 530 869 artis
556 793 744 893 postremis
767 795 911 870 duobus
945 791 994 870 se'·

83 962 86 966 Α
119 892 231 966 culis
269 888 489 994 Magnorum
527 894 734 990 Principum
769 918 812 969 ac
844 895 995 970 Rerum·

74 1016 89 1043 ν
122 991 378 1093 ,publicarum
414 990 527 1090 llurlia
569 994 746 1068 excitavit
785 995 822 1067 in
866 991 993 1108 ltalia,

124 1088 292 1179 Gallia,
332 1090 465 1192 Anglia
484 1141 502 1178 „
532 1091 751 1182 Hollandia,
775 1092 832 1168 'ad
867 1089 995 1167 consti·

138 1191 294 1265 tuendas
325 1192 470 1289 magnis
501 1188 677 1266 sumtibus
710 1191 994 1283 Mathematicu-

136 1289 469 1388 rumsllcademiaa
496 1289 534 1365 &
567 1289 735 1391 Collegit
769 1289 938 1390 publica,
972 1312 995 1364 e

138 1386 271 1487 quibus
296 1389 428 1482 optimi
453 1383 666 1497 Artifices,
683 1413 784 1464 nova
810 1390 993 1474 inventa,

139 1483 409 1563 accuratiilirnat
435 1487 729 1576 observationes,
768 1507 819 1560 ut
836 1506 993 1577 vocant,
1036 1551 1039 1559 ,

95 1626 100 1635 ·
137 1583 376 1662 instrumenta
400 1584 606 1663 nitidiilima
618 1635 631 1674 ,
664 1584 906 1677 correctiones
930 1610 995 1670 ve·

74 1762 87 1769 ,
133 1700 259 1759 terum
285 1708 476 1773 errorum,
503 1687 752 1785 experimenta
779 1704 889 1784 quarn
915 1683 994 1782 plu-

40 1836 42 1839 .
135 1785 253 1871 rima,
289 1785 327 1860 &
352 1787 517 1861 omnium
542 1808 624 1885 quae
652 1787 697 1859 ad
722 1785 818 1860 hanc
841 1783 995 1881 discipli·

136 1906 222 1956 nam
249 1885 465 1983 pertinent,
502 1884 634 1978 notitia
665 1878 877 1980 ampliilima
909 1903 1007 1980 pro·-

136 1982 266 2056 dirent.
328 1985 461 2056 Secuta
494 1981 704 2080 exemplum
730 1980 780 2054 est
803 1981 993 2081 denique,

24 2149 27 2153 ,
136 2078 245 2157 lentis
280 2084 414 2157 'tainen
447 2077 628 2180 pambus,
666 2081 890 2166 Germania,
930 2076 993 2154 suo

136 2180 272 2254 damno
310 2177 440 2260 edocta
470 2177 677 2279 neglestum
710 2177 888 2256 Mathefis·
919 2176 993 2250 cul·

136 2297 229 2353 tum.
298 2278 469 2369 Praeclare
500 2279 708 2352 haedere
745 2279 798 2351 ait
834 2279 872 2351 in
893 2274 994 2351 libel·

135 2376 194 2465 lo,
220 2381 330 2476 quem
370 2373 476 2451 Crito
505 2373 707 2475 inscripsrt,
742 2376 1010 2477 Wagnerusr¹

15 2531 20 2571 ,—
96 2546 98 2561 ,
135 2524 161 2567 „
179 2474 332 2550 Molitur
357 2474 444 2572 quid
471 2473 670 2575 Princeps,
703 2477 887 2575 Regiam,
911 2476 993 2548 hor·

134 2614 162 2666 „
178 2592 288 2660 turn,
323 2570 524 2672 spenacua
548 2576 783 2661 meditatur?
816 2595 897 2651 tota
924 2576 994 2648 lta·

134 2670 223 2763 „lia
254 2674 468 2760 excutitur,
502 2692 545 2746 ut
579 2669 832 2750 Architeilum
868 2673 1013 2764 mittat,

136 2818 162 2861 „
179 2771 360 2871 Principi,
397 2773 458 2847 cui
483 2788 592 2849 nemo
617 2775 729 2849 domi.
792 2766 849 2848 A'd
876 2773 992 2871 Regni

134 2870 309 2960 „limites
332 2872 565 2947 excitandum
587 2873 643 2947 est
665 2870 895 2972 praefidium?
931 2869 1010 2946 nist·

109 2988 162 3059 ·„
179 2968 383 3047 convolarit
406 2970 504 3047 Galli
529 2971 566 3047 &
589 2970 792 3056 Hollandi,
825 2969 913 3044 nudi
939 2968 991 3042 su·

22 3070 68 3114 Ψ
132 3116 163 3159 ,,
182 3091 264 3143 mus
288 3071 325 3143 in
350 3094 498 3147 omnem
523 3069 715 3145 incursum.
783 3069 879 3143 Urbs
902 3068 992 3144 obli·

91 3263 95 3269 ,
128 3215 157 3257 ,η
172 3170 313 3246 detur?
336 3170 399 3251 nili
424 3169 470 3247 ad
491 3170 703 3269 machinas,
729 3169 775 3243 ad
798 3170 920 3269 ignes,
944 3168 991 3282 ad

806 3293 808 3296 ·
846 3312 872 3355 „
888 3289 991 3342 cunt·
