2086 3682
181 68 225 153 '²'
268 143 445 259 nistorn
472 144 666 258 mrim.
859 176 944 267 45-

63 310 123 412 qui
148 309 259 384 rebus
292 309 498 393 coelestibus
532 312 569 387 in
593 312 758 387 ordinem
793 312 918 389 melio·

61 431 139 486 rem
160 410 367 507 redigendis
387 410 618 498 insudarunt,
641 415 816 510 variaque
841 435 918 487 coe·

57 508 84 584 li
114 507 308 608 systemata
343 508 423 582 orbi
453 508 601 585 literato
638 511 916 609 proposuerunt.

61 608 141 683 Hos
167 609 265 681 inter
278 596 693 708 NicoladsCopernicus
718 613 834 708 patria
848 613 920 687 Bo·

59 704 201 795 rullus,
227 706 408 780 Thorunii
439 707 477 781 in
502 705 624 782 lucem
647 708 802 783 editus:
842 711 918 785 Hic
976 792 984 809 ι

60 807 218 881 Romam
245 805 387 880 delatus
405 803 629 978 alipuamdiu
647 807 824 882 Mathesrn
840 833 919 883 ma·

61 929 130 1006 gna
155 928 243 979 cum
268 905 426 978 nominis
445 936 449 949 ·
465 929 547 980 ama
570 906 705 981 ibidem
740 906 918 1007 profellua

60 1005 125 1079 esta
170 1005 272 1077 Tum
298 1003 490 1103 hypothesi
516 1028 622 1079 novae
646 1007 810 1080 intentus
835 1006 917 1081 Phi·

60 1102 144 1180 lolai
167 1102 320 1203 vestigia
351 1104 449 1200 sequi
475 1100 610 1177 statuit.
679 1104 766 1177 Erat
791 1128 919 1179 autem

59 1201 245 1278 Philolaus
269 1200 520 1301 Pythagoricae
552 1199 652 1276 lettae
678 1200 920 1303 Philosophus,

59 1301 333 1402 quadringentis
359 1321 445 1381 ante
470 1302 517 1376 C.
543 1303 593 1376 N.
616 1303 739 1388 annis,
762 1303 918 1402 primus·

59 1426 129 1503 que
142 1449 156 1491 ,
196 1402 260 1501 qui
294 1420 428 1474 terram
464 1399 551 1479 alias
583 1402 725 1475 moveri
759 1399 917 1479 nesciam

58 1505 153 1577 circa
177 1498 289 1576 solem
311 1501 508 1574 immotum
527 1524 656 1576 annua
670 1500 821 1599 periodo
838 1524 916 1577 arn·

15 1600 18 1605 ’
58 1601 185 1675 bulare
209 1599 359 1686 docuit,
390 1622 503 1697 quam
528 1600 740 1697 opinionem
763 1598 839 1674 sere
866 1599 917 1676 se.

56 1699 201 1800 pultam
219 1693 426 1798 longissimo
447 1720 627 1772 annorum
644 1698 838 1773 intervallo
852 1701 918 1773 Ni·

59 1797 183 1875 colaus
201 1796 375 1873 Cusanus-
392 1799 427 1872 S.
452 1797 494 1872 R.
520 1797 559 1871 E.
582 1820 747 1912 purpura
771 1798 916 1899 infignis

53 1899 179 1974 denuo
206 1898 403 1984 excitavit,
428 1898 507 1992 (b)
530 1894 666 1976 sohcite
690 1917 829 1986 tamen,
846 1922 917 1972 nec

56 1996 141 2073 satis
153 1994 261 2074 firmo
277 1994 399 2072 adhuc
411 1995 528 2098 gressu
542 1996 788 2083 incedentem,
797 1998 918 2071 donee

57 2097 101 2173 de
117 2119 197 2196 quo
217 2096 309 2182 dixi,
333 2095 564 2193 Copernicus
578 2092 747 2164 ultimam
764 2117 917 2175 manunt

56 2195 253 2282 admovit,
286 2214 391 2269 tettae
420 2215 468 2275 ue
492 2190 605 2292 pedes
628 2189 793 2278 addidit,
825 2216 916 2290 quar

57 2294 121 2370 soli
148 2292 321 2369 &stellis
347 2292 392 2366 ab
448 2289 502 2364 lit.
552 2289 663 2390 Opus
679 2288 782 2368 suum
804 2289 841 2363 in
857 2292 917 2367 sex

56 2393 168 2469 libros
197 2390 417 2476 diddiloni,
443 2391 575 2489 quibus
601 2410 720 2465 totam
745 2387 915 2467 Astrono-

56 2496 169 2569 miam
206 2491 419 2591 complexus
449 2489 535 2576 est,
573 2489 723 2563 demum
760 2489 916 2565 absolvit

57 2595 153 2667 circa
179 2614 317 2666 annum
345 2610 450 2683 1530.
477 2586 600 2688 paullo
624 2586 703 2691 post
733 2589 914 2692 sanguinis

57 2688 241 2790 profluvio
266 2714 288 2763 e
308 2689 404 2765 vivis
430 2687 603 2762 sublatus..
668 2693 722 2763 Ar
743 2690 917 2767 sideribus

56 2810 232 2877 motum,
264 2789 303 2864 dt
327 2806 431 2863 terrae
458 2789 620 2885 quietem
652 2787 810 2865 restituit
839 2790 915 2886 Ty*
1021 2838 1024 2844 -

54 2893 125 2964 ‘cho
157 2889 277 2962 Brahe
307 2909 353 2961 ex
381 2885 506 2961 illustri
542 2888 580 2979 iu
612 2890 740 2963 Suecia
770 2885 916 2963 ¹familia

23 3030 29 3039 ·
56 2989 246 3065 oriundus.
296 2987 330 3059 Is
355 2986 505 3086 proprio
526 2998 645 3060 morte
661 2984 771 3058 duuu
798 3011 845 3062 ue
860 2987 914 3060 in·

57 3090 152 3190 genii
185 3088 224 3161 in
257 3084 496 3177 Alironomiae
531 3082 673 3184 aliaque
705 3085 786 3156 Mat
812 3082 916 3158 eseor

600 3204 603 3211 ·
811 3201 911 3257 area·

53 3352 56 3357 .
132 3283 203 3368 (b)
227 3277 301 3346 Lu.
315 3295 346 3344 a.
367 3277 405 3381 tle
419 3242 512 3348 Dori
530 3278 689 3364 ignorant.
