<?xml version="1.0" encoding="UTF-8"?>
<!DOCTYPE html PUBLIC "-//W3C//DTD XHTML 1.0 Transitional//EN"
    "http://www.w3.org/TR/xhtml1/DTD/xhtml1-transitional.dtd">
<html xmlns="http://www.w3.org/1999/xhtml" xml:lang="en" lang="en">
 <head>
  <title>
</title>
<meta http-equiv="Content-Type" content="text/html;charset=utf-8" />
  <meta name='ocr-system' content='tesseract 3.04.00' />
  <meta name='ocr-capabilities' content='ocr_page ocr_carea ocr_par ocr_line ocrx_word'/>
</head>
<body>
  <div class='ocr_page' id='page_1' title='image "./bibliothecadome02manngoog_0280.png"; bbox 0 0 2086 3682; ppageno 0'>
   <div class='ocr_carea' id='block_1_1' title="bbox 109 166 954 300">
    <p class='ocr_par' dir='ltr' id='par_1_1' title="bbox 109 166 954 300">
     <span class='ocr_line' id='line_1_1' title="bbox 109 166 954 300; baseline 0.022 -41"><span class='ocrx_word' id='word_1_1' title='bbox 109 286 112 291; x_wconf 67' lang='lat'><em>,</em></span> <span class='ocrx_word' id='word_1_2' title='bbox 244 172 555 270; x_wconf 68' lang='lat' dir='ltr'>Architrbionico</span> <span class='ocrx_word' id='word_1_3' title='bbox 586 178 727 271; x_wconf 70' lang='lat' dir='ltr'>civilis.</span> <span class='ocrx_word' id='word_1_4' title='bbox 867 166 954 300; x_wconf 72' lang='lat'>245</span> 
     </span>
    </p>
   </div>
   <div class='ocr_carea' id='block_1_2' title="bbox 57 330 1037 2924">
    <p class='ocr_par' dir='ltr' id='par_1_2' title="bbox 57 330 1037 2924">
     <span class='ocr_line' id='line_1_2' title="bbox 159 330 959 443; baseline 0.005 -25"><span class='ocrx_word' id='word_1_5' title='bbox 159 330 292 443; x_wconf 78' lang='lat' dir='ltr'>Figura</span> <span class='ocrx_word' id='word_1_6' title='bbox 326 342 561 418; x_wconf 80' lang='lat' dir='ltr'>aedificiorum</span> <span class='ocrx_word' id='word_1_7' title='bbox 592 346 693 419; x_wconf 90' lang='lat' dir='ltr'>varia</span> <span class='ocrx_word' id='word_1_8' title='bbox 723 341 801 419; x_wconf 79' lang='lat' dir='ltr'>esta</span> <span class='ocrx_word' id='word_1_9' title='bbox 839 365 959 422; x_wconf 88' lang='lat' dir='ltr'>turres</span> 
     </span>
     <span class='ocr_line' id='line_1_3' title="bbox 87 441 958 544; baseline 0.001 -26"><span class='ocrx_word' id='word_1_10' title='bbox 87 441 260 518; x_wconf 87' lang='lat' dir='ltr'>inferiore</span> <span class='ocrx_word' id='word_1_11' title='bbox 287 441 336 514; x_wconf 87' lang='lat' dir='ltr'>sui</span> <span class='ocrx_word' id='word_1_12' title='bbox 364 463 468 541; x_wconf 89' lang='lat' dir='ltr'>parte</span> <span class='ocrx_word' id='word_1_13' title='bbox 494 444 677 541; x_wconf 83' lang='lat' dir='ltr'>quadratae</span> <span class='ocrx_word' id='word_1_14' title='bbox 703 442 769 516; x_wconf 84' lang='lat' dir='ltr'>fint</span> <span class='ocrx_word' id='word_1_15' title='bbox 789 466 958 544; x_wconf 80' lang='lat' dir='ltr'>oportet3</span> 
     </span>
     <span class='ocr_line' id='line_1_4' title="bbox 88 540 959 631; baseline 0.003 -14"><span class='ocrx_word' id='word_1_16' title='bbox 88 566 178 617; x_wconf 84' lang='lat' dir='ltr'>mox</span> <span class='ocrx_word' id='word_1_17' title='bbox 207 544 272 614; x_wconf 90' lang='lat' dir='ltr'>ubi</span> <span class='ocrx_word' id='word_1_18' title='bbox 304 540 413 616; x_wconf 90' lang='lat' dir='ltr'>altius</span> <span class='ocrx_word' id='word_1_19' title='bbox 436 540 671 631; x_wconf 59' lang='lat' dir='ltr'>eludantur,</span> <span class='ocrx_word' id='word_1_20' title='bbox 710 541 865 618; x_wconf 88' lang='lat' dir='ltr'>forrnam</span> <span class='ocrx_word' id='word_1_21' title='bbox 897 543 959 620; x_wconf 86' lang='lat' dir='ltr'>uel</span> 
     </span>
     <span class='ocr_line' id='line_1_5' title="bbox 86 636 954 741; baseline 0.002 -25"><span class='ocrx_word' id='word_1_22' title='bbox 86 638 310 727; x_wconf 72' lang='lat' dir='ltr'>rotundam,</span> <span class='ocrx_word' id='word_1_23' title='bbox 343 640 404 717; x_wconf 76' lang='lat' dir='ltr'>,vel</span> <span class='ocrx_word' id='word_1_24' title='bbox 437 636 496 715; x_wconf 85' lang='lat' dir='ltr'>sex</span> <span class='ocrx_word' id='word_1_25' title='bbox 519 648 584 719; x_wconf 80' lang='lat' dir='ltr'>aut</span> <span class='ocrx_word' id='word_1_26' title='bbox 619 641 703 716; x_wconf 77' lang='grc' dir='ltr'>οᾶο</span> <span class='ocrx_word' id='word_1_27' title='bbox 731 643 875 741; x_wconf 85' lang='lat' dir='ltr'>angulis</span> <span class='ocrx_word' id='word_1_28' title='bbox 901 646 954 718; x_wconf 91' lang='lat' dir='ltr'>di·</span> 
     </span>
     <span class='ocr_line' id='line_1_6' title="bbox 88 738 957 841; baseline 0.001 -26"><span class='ocrx_word' id='word_1_29' title='bbox 88 738 253 816; x_wconf 67' lang='lat' dir='ltr'>stindlam</span> <span class='ocrx_word' id='word_1_30' title='bbox 280 740 492 815; x_wconf 88' lang='lat' dir='ltr'>admittunt.</span> <span class='ocrx_word' id='word_1_31' title='bbox 563 740 727 841; x_wconf 87' lang='lat' dir='ltr'>Templis</span> <span class='ocrx_word' id='word_1_32' title='bbox 754 740 871 840; x_wconf 86' lang='lat' dir='ltr'>figura</span> <span class='ocrx_word' id='word_1_33' title='bbox 895 744 957 817; x_wconf 83' lang='lat' dir='ltr'>de·</span> 
     </span>
     <span class='ocr_line' id='line_1_7' title="bbox 87 836 964 940; baseline 0 -25"><span class='ocrx_word' id='word_1_34' title='bbox 87 842 199 915; x_wconf 77' lang='lat' dir='ltr'>betur</span> <span class='ocrx_word' id='word_1_35' title='bbox 223 838 383 940; x_wconf 86' lang='lat' dir='ltr'>oblonga</span> <span class='ocrx_word' id='word_1_36' title='bbox 409 840 447 913; x_wconf 73' lang='grc' dir='ltr'>ἃ</span> <span class='ocrx_word' id='word_1_37' title='bbox 471 841 518 914; x_wconf 89' lang='lat' dir='ltr'>ad</span> <span class='ocrx_word' id='word_1_38' title='bbox 544 836 663 916; x_wconf 70' lang='lat' dir='ltr'>redlos</span> <span class='ocrx_word' id='word_1_39' title='bbox 686 841 840 940; x_wconf 84' lang='lat' dir='ltr'>angulos</span> <span class='ocrx_word' id='word_1_40' title='bbox 864 864 964 915; x_wconf 90' lang='lat' dir='ltr'>com·</span> 
     </span>
     <span class='ocr_line' id='line_1_8' title="bbox 88 938 961 1038; baseline -0.002 -23"><span class='ocrx_word' id='word_1_41' title='bbox 88 938 231 1037; x_wconf 82' lang='lat' dir='ltr'>pofita,</span> <span class='ocrx_word' id='word_1_42' title='bbox 247 939 376 1037; x_wconf 24' lang='lat' dir='ltr'>¹(donec</span> <span class='ocrx_word' id='word_1_43' title='bbox 401 938 439 1013; x_wconf 88' lang='lat' dir='ltr'>in</span> <span class='ocrx_word' id='word_1_44' title='bbox 464 941 618 1013; x_wconf 90' lang='lat' dir='ltr'>modum</span> <span class='ocrx_word' id='word_1_45' title='bbox 645 962 751 1014; x_wconf 88' lang='lat' dir='ltr'>arcus</span> <span class='ocrx_word' id='word_1_46' title='bbox 776 939 961 1038; x_wconf 84' lang='lat' dir='ltr'>superiore</span> 
     </span>
     <span class='ocr_line' id='line_1_9' title="bbox 88 1035 967 1138; baseline -0.001 -26"><span class='ocrx_word' id='word_1_47' title='bbox 88 1038 274 1138; x_wconf 23' lang='lat' dir='ltr'>sni-parte</span> <span class='ocrx_word' id='word_1_48' title='bbox 300 1056 420 1112; x_wconf 87' lang='lat' dir='ltr'>coeat.</span> <span class='ocrx_word' id='word_1_49' title='bbox 485 1040 542 1112; x_wconf 91' lang='lat' dir='ltr'>Ita</span> <span class='ocrx_word' id='word_1_50' title='bbox 566 1035 645 1125; x_wconf 84' lang='lat' dir='ltr'>fiet,</span> <span class='ocrx_word' id='word_1_51' title='bbox 670 1056 717 1112; x_wconf 89' lang='lat' dir='ltr'>ut</span> <span class='ocrx_word' id='word_1_52' title='bbox 742 1056 823 1109; x_wconf 94' lang='lat' dir='ltr'>tum</span> <span class='ocrx_word' id='word_1_53' title='bbox 849 1040 886 1111; x_wconf 92' lang='lat' dir='ltr'>in</span> <span class='ocrx_word' id='word_1_54' title='bbox 914 1036 967 1111; x_wconf 87' lang='lat' dir='ltr'>sa-</span> 
     </span>
     <span class='ocr_line' id='line_1_10' title="bbox 90 1134 969 1238; baseline -0.007 -23"><span class='ocrx_word' id='word_1_55' title='bbox 90 1140 161 1215; x_wconf 87' lang='lat' dir='ltr'>cris</span> <span class='ocrx_word' id='word_1_56' title='bbox 183 1134 402 1237; x_wconf 79' lang='lat' dir='ltr'>peragendis</span> <span class='ocrx_word' id='word_1_57' title='bbox 425 1160 509 1238; x_wconf 88' lang='lat' dir='ltr'>pars</span> <span class='ocrx_word' id='word_1_58' title='bbox 536 1134 779 1234; x_wconf 64' lang='lat' dir='ltr'>spectatorum</span> <span class='ocrx_word' id='word_1_59' title='bbox 808 1138 969 1210; x_wconf 84' lang='lat' dir='ltr'>maxima</span> 
     </span>
     <span class='ocr_line' id='line_1_11' title="bbox 91 1233 969 1337; baseline -0.005 -24"><span class='ocrx_word' id='word_1_60' title='bbox 91 1239 130 1313; x_wconf 92' lang='lat' dir='ltr'>in</span> <span class='ocrx_word' id='word_1_61' title='bbox 157 1258 227 1315; x_wconf 85' lang='lat' dir='ltr'>arae</span> <span class='ocrx_word' id='word_1_62' title='bbox 261 1236 409 1309; x_wconf 83' lang='lat' dir='ltr'>summac</span> <span class='ocrx_word' id='word_1_63' title='bbox 443 1259 487 1310; x_wconf 87' lang='lat' dir='ltr'>ac</span> <span class='ocrx_word' id='word_1_64' title='bbox 527 1235 735 1310; x_wconf 84' lang='lat' dir='ltr'><strong>Sacerdotis</strong></span> <span class='ocrx_word' id='word_1_65' title='bbox 771 1233 969 1337; x_wconf 74' lang='lat' dir='ltr'>conspedlu</span> 
     </span>
     <span class='ocr_line' id='line_1_12' title="bbox 57 1333 971 1437; baseline -0.004 -24"><span class='ocrx_word' id='word_1_66' title='bbox 57 1366 60 1371; x_wconf 93' lang='lat'>·</span> <span class='ocrx_word' id='word_1_67' title='bbox 91 1334 323 1422; x_wconf 76' lang='lat' dir='ltr'><strong>collocetur,</strong></span> <span class='ocrx_word' id='word_1_68' title='bbox 351 1354 431 1409; x_wconf 90' lang='lat' dir='ltr'>tum</span> <span class='ocrx_word' id='word_1_69' title='bbox 467 1355 513 1409; x_wconf 90' lang='lat' dir='ltr'>ut</span> <span class='ocrx_word' id='word_1_70' title='bbox 537 1333 701 1437; x_wconf 83' lang='lat' dir='ltr'>suggestu</span> <span class='ocrx_word' id='word_1_71' title='bbox 733 1358 849 1435; x_wconf 87' lang='lat' dir='ltr'>prope</span> <span class='ocrx_word' id='word_1_72' title='bbox 892 1357 971 1409; x_wconf 90' lang='lat' dir='ltr'>me·</span> 
     </span>
     <span class='ocr_line' id='line_1_13' title="bbox 93 1433 964 1535; baseline -0.002 -26"><span class='ocrx_word' id='word_1_73' title='bbox 93 1438 198 1509; x_wconf 88' lang='lat' dir='ltr'>diurn</span> <span class='ocrx_word' id='word_1_74' title='bbox 245 1435 343 1507; x_wconf 89' lang='lat' dir='ltr'>muri</span> <span class='ocrx_word' id='word_1_75' title='bbox 385 1436 574 1509; x_wconf 86' lang='lat' dir='ltr'>meridiem</span> <span class='ocrx_word' id='word_1_76' title='bbox 614 1433 806 1535; x_wconf 72' lang='lat' dir='ltr'>spetiantis</span> <span class='ocrx_word' id='word_1_77' title='bbox 845 1433 964 1531; x_wconf 78' lang='lat' dir='ltr'>posito</span> 
     </span>
     <span class='ocr_line' id='line_1_14' title="bbox 94 1530 964 1610; baseline -0.005 0"><span class='ocrx_word' id='word_1_78' title='bbox 94 1536 291 1610; x_wconf 86' lang='lat' dir='ltr'>Sermones</span> <span class='ocrx_word' id='word_1_79' title='bbox 324 1532 411 1607; x_wconf 87' lang='lat' dir='ltr'>sacri</span> <span class='ocrx_word' id='word_1_80' title='bbox 451 1535 495 1607; x_wconf 91' lang='lat' dir='ltr'>ab</span> <span class='ocrx_word' id='word_1_81' title='bbox 529 1535 778 1608; x_wconf 85' lang='lat' dir='ltr'>Auditoribus·</span> <span class='ocrx_word' id='word_1_82' title='bbox 807 1555 883 1607; x_wconf 87' lang='lat' dir='ltr'>tam</span> <span class='ocrx_word' id='word_1_83' title='bbox 911 1530 964 1606; x_wconf 74' lang='lat' dir='ltr'>su·</span> 
     </span>
     <span class='ocr_line' id='line_1_15' title="bbox 94 1631 1012 1735; baseline -0.002 -28"><span class='ocrx_word' id='word_1_84' title='bbox 94 1634 278 1735; x_wconf 88' lang='lat' dir='ltr'>periorem</span> <span class='ocrx_word' id='word_1_85' title='bbox 317 1656 427 1732; x_wconf 88' lang='lat' dir='ltr'>quam</span> <span class='ocrx_word' id='word_1_86' title='bbox 463 1631 673 1707; x_wconf 79' lang='lat' dir='ltr'>inferiorem</span> <span class='ocrx_word' id='word_1_87' title='bbox 709 1632 849 1730; x_wconf 74' lang='lat' dir='ltr'>‘templi</span> <span class='ocrx_word' id='word_1_88' title='bbox 887 1655 970 1732; x_wconf 89' lang='lat' dir='ltr'>par·</span> <span class='ocrx_word' id='word_1_89' title='bbox 1009 1674 1012 1681; x_wconf 93' lang='lat'>·</span> 
     </span>
     <span class='ocr_line' id='line_1_16' title="bbox 95 1730 967 1833; baseline -0.003 -26"><span class='ocrx_word' id='word_1_90' title='bbox 95 1753 175 1807; x_wconf 86' lang='lat' dir='ltr'>tem</span> <span class='ocrx_word' id='word_1_91' title='bbox 208 1734 476 1833; x_wconf 85' lang='lat' dir='ltr'>occupantibus</span> <span class='ocrx_word' id='word_1_92' title='bbox 511 1730 673 1807; x_wconf 73' lang='lat' dir='ltr'>distinere</span> <span class='ocrx_word' id='word_1_93' title='bbox 705 1730 967 1833; x_wconf 81' lang='lat' dir='ltr'>percipiantur.</span> 
     </span>
     <span class='ocr_line' id='line_1_17' title="bbox 94 1828 972 1932; baseline -0.006 -24"><span class='ocrx_word' id='word_1_94' title='bbox 94 1831 250 1908; x_wconf 83' lang='lat' dir='ltr'>AEdibus</span> <span class='ocrx_word' id='word_1_95' title='bbox 281 1828 460 1931; x_wconf 86' lang='lat' dir='ltr'>aptiffima</span> <span class='ocrx_word' id='word_1_96' title='bbox 499 1831 552 1907; x_wconf 88' lang='lat' dir='ltr'>est</span> <span class='ocrx_word' id='word_1_97' title='bbox 583 1831 699 1932; x_wconf 85' lang='lat' dir='ltr'>figura</span> <span class='ocrx_word' id='word_1_98' title='bbox 729 1835 866 1931; x_wconf 87' lang='lat' dir='ltr'>pariter</span> <span class='ocrx_word' id='word_1_99' title='bbox 907 1831 972 1904; x_wconf 85' lang='lat' dir='ltr'>ob·</span> 
     </span>
     <span class='ocr_line' id='line_1_18' title="bbox 94 1922 998 2032; baseline -0.004 -26"><span class='ocrx_word' id='word_1_100' title='bbox 94 1931 237 2032; x_wconf 80' lang='lat' dir='ltr'>longa,</span> <span class='ocrx_word' id='word_1_101' title='bbox 278 1930 419 2031; x_wconf 83' lang='lat' dir='ltr'>angulis</span> <span class='ocrx_word' id='word_1_102' title='bbox 456 1928 563 2004; x_wconf 71' lang='lat' dir='ltr'>tediis</span> <span class='ocrx_word' id='word_1_103' title='bbox 599 1922 793 2016; x_wconf 64' lang='lat' dir='ltr'>conclusa,</span> <span class='ocrx_word' id='word_1_104' title='bbox 825 1929 863 2002; x_wconf 89' lang='lat' dir='ltr'>in</span> <span class='ocrx_word' id='word_1_105' title='bbox 898 1952 972 2027; x_wconf 87' lang='lat' dir='ltr'>qua</span> <span class='ocrx_word' id='word_1_106' title='bbox 991 1954 998 1981; x_wconf 73' lang='lat'><em>³</em></span> 
     </span>
     <span class='ocr_line' id='line_1_19' title="bbox 94 2026 970 2133; baseline -0.005 -28"><span class='ocrx_word' id='word_1_107' title='bbox 94 2054 170 2133; x_wconf 83' lang='lat' dir='ltr'>prae</span> <span class='ocrx_word' id='word_1_108' title='bbox 208 2032 348 2104; x_wconf 82' lang='lat' dir='ltr'>caeteris</span> <span class='ocrx_word' id='word_1_109' title='bbox 394 2028 573 2127; x_wconf 87' lang='lat' dir='ltr'>probatur</span> <span class='ocrx_word' id='word_1_110' title='bbox 615 2027 806 2123; x_wconf 86' lang='lat' dir='ltr'>proportio</span> <span class='ocrx_word' id='word_1_111' title='bbox 846 2026 970 2101; x_wconf 82' lang='lat' dir='ltr'>lare&#39;ris</span> 
     </span>
     <span class='ocr_line' id='line_1_20' title="bbox 96 2124 973 2222; baseline -0.008 -19"><span class='ocrx_word' id='word_1_112' title='bbox 96 2126 252 2205; x_wconf 80' lang='lat' dir='ltr'>minoris</span> <span class='ocrx_word' id='word_1_113' title='bbox 272 2129 332 2204; x_wconf 83' lang='lat' dir='ltr'>ad</span> <span class='ocrx_word' id='word_1_114' title='bbox 358 2124 478 2222; x_wconf 78' lang='lat' dir='ltr'>majus</span> <span class='ocrx_word' id='word_1_115' title='bbox 513 2130 602 2219; x_wconf 69' lang='lat'>3³4·</span> <span class='ocrx_word' id='word_1_116' title='bbox 641 2144 728 2217; x_wconf 41' lang='lat'>2:13.</span> <span class='ocrx_word' id='word_1_117' title='bbox 756 2143 845 2214; x_wconf 77' lang='lat'>425·</span> <span class='ocrx_word' id='word_1_118' title='bbox 875 2146 973 2217; x_wconf 74' lang='lat'>325·</span> 
     </span>
     <span class='ocr_line' id='line_1_21' title="bbox 97 2218 1037 2317; baseline -0.005 -13"><span class='ocrx_word' id='word_1_119' title='bbox 97 2229 258 2317; x_wconf 86' lang='lat' dir='ltr'>Modum</span> <span class='ocrx_word' id='word_1_120' title='bbox 284 2250 376 2303; x_wconf 88' lang='lat' dir='ltr'>vero</span> <span class='ocrx_word' id='word_1_121' title='bbox 420 2225 562 2297; x_wconf 90' lang='lat' dir='ltr'>dabunt</span> <span class='ocrx_word' id='word_1_122' title='bbox 589 2220 679 2296; x_wconf 85' lang='lat' dir='ltr'>fines</span> <span class='ocrx_word' id='word_1_123' title='bbox 703 2218 847 2294; x_wconf 80' lang='lat' dir='ltr'>aedifrcii</span> <span class='ocrx_word' id='word_1_124' title='bbox 874 2220 975 2294; x_wconf 89' lang='lat' dir='ltr'>futu·</span> <span class='ocrx_word' id='word_1_125' title='bbox 1016 2242 1037 2299; x_wconf 86' lang='grc'>-.·</span> 
     </span>
     <span class='ocr_line' id='line_1_22' title="bbox 91 2319 976 2427; baseline -0.01 -23"><span class='ocrx_word' id='word_1_126' title='bbox 91 2328 141 2419; x_wconf 79' lang='lat' dir='ltr'>ri,</span> <span class='ocrx_word' id='word_1_127' title='bbox 168 2324 339 2427; x_wconf 74' lang='lat' dir='ltr'>seleges</span> <span class='ocrx_word' id='word_1_128' title='bbox 365 2323 665 2427; x_wconf 83' lang='lat' dir='ltr'>pulchritudinis,</span> <span class='ocrx_word' id='word_1_129' title='bbox 693 2322 755 2396; x_wconf 83' lang='lat' dir='ltr'>suo</span> <span class='ocrx_word' id='word_1_130' title='bbox 782 2319 866 2395; x_wconf 90' lang='lat' dir='ltr'>loco</span> <span class='ocrx_word' id='word_1_131' title='bbox 897 2343 976 2395; x_wconf 90' lang='lat' dir='ltr'>me·</span> 
     </span>
     <span class='ocr_line' id='line_1_23' title="bbox 98 2421 973 2522; baseline -0.009 -19"><span class='ocrx_word' id='word_1_132' title='bbox 98 2424 314 2502; x_wconf 55' lang='lat' dir='ltr'>morandus</span> <span class='ocrx_word' id='word_1_133' title='bbox 368 2424 619 2515; x_wconf 73' lang='lat' dir='ltr'>Cob&#39;clauib&#39;us</span> <span class='ocrx_word' id='word_1_134' title='bbox 650 2421 854 2496; x_wconf 89' lang='lat' dir='ltr'>minoribus</span> <span class='ocrx_word' id='word_1_135' title='bbox 883 2445 973 2522; x_wconf 90' lang='lat' dir='ltr'>qua·</span> 
     </span>
     <span class='ocr_line' id='line_1_24' title="bbox 98 2521 974 2624; baseline -0.008 -22"><span class='ocrx_word' id='word_1_136' title='bbox 98 2528 224 2615; x_wconf 87' lang='lat' dir='ltr'>drata,</span> <span class='ocrx_word' id='word_1_137' title='bbox 246 2523 482 2624; x_wconf 84' lang='lat' dir='ltr'>amplioribus</span> <span class='ocrx_word' id='word_1_138' title='bbox 505 2521 624 2598; x_wconf 87' lang='lat' dir='ltr'>forma</span> <span class='ocrx_word' id='word_1_139' title='bbox 650 2521 809 2621; x_wconf 83' lang='lat' dir='ltr'>oblonga</span> <span class='ocrx_word' id='word_1_140' title='bbox 834 2544 974 2596; x_wconf 85' lang='lat' dir='ltr'>conve·</span> 
     </span>
     <span class='ocr_line' id='line_1_25' title="bbox 101 2618 972 2702; baseline -0.011 0"><span class='ocrx_word' id='word_1_141' title='bbox 101 2628 183 2702; x_wconf 76' lang='lat' dir='ltr'>nit:</span> <span class='ocrx_word' id='word_1_142' title='bbox 200 2625 331 2700; x_wconf 83' lang='lat' dir='ltr'>&#39;ubivis</span> <span class='ocrx_word' id='word_1_143' title='bbox 352 2622 444 2700; x_wconf 72' lang='lat' dir='ltr'>vero</span> <span class='ocrx_word' id='word_1_144' title='bbox 469 2641 514 2694; x_wconf 94' lang='lat' dir='ltr'>ut</span> <span class='ocrx_word' id='word_1_145' title='bbox 546 2625 594 2697; x_wconf 90' lang='lat' dir='ltr'>ad</span> <span class='ocrx_word' id='word_1_146' title='bbox 618 2618 737 2696; x_wconf 72' lang='lat' dir='ltr'>necros</span> <span class='ocrx_word' id='word_1_147' title='bbox 763 2618 972 2693; x_wconf 87' lang='lat' dir='ltr'>construan-</span> 
     </span>
     <span class='ocr_line' id='line_1_26' title="bbox 103 2716 975 2893; baseline -0.015 -89"><span class='ocrx_word' id='word_1_148' title='bbox 103 2746 164 2803; x_wconf 90' lang='lat' dir='ltr'>tur</span> <span class='ocrx_word' id='word_1_149' title='bbox 191 2723 368 2827; x_wconf 85' lang='lat' dir='ltr'>angulos,</span> <span class='ocrx_word' id='word_1_150' title='bbox 400 2719 554 2796; x_wconf 86' lang='lat' dir='ltr'>studiose</span> <span class='ocrx_word' id='word_1_151' title='bbox 575 2719 876 2893; x_wconf 65' lang='lat' dir='ltr'>prospiciendum</span> <span class='ocrx_word' id='word_1_152' title='bbox 902 2716 975 2821; x_wconf 73' lang='lat' dir='ltr'>cll,</span> 
     </span>
     <span class='ocr_line' id='line_1_27' title="bbox 100 2817 917 2924; baseline -0.02 -18"><span class='ocrx_word' id='word_1_153' title='bbox 100 2850 143 2905; x_wconf 83' lang='lat' dir='ltr'>ea</span> <span class='ocrx_word' id='word_1_154' title='bbox 166 2822 308 2915; x_wconf 82' lang='lat' dir='ltr'>saltem,</span> <span class='ocrx_word' id='word_1_155' title='bbox 334 2844 416 2924; x_wconf 87' lang='lat' dir='ltr'>quae</span> <span class='ocrx_word' id='word_1_156' title='bbox 440 2817 571 2920; x_wconf 88' lang='lat' dir='ltr'>conspe</span> <span class='ocrx_word' id='word_1_157' title='bbox 611 2820 647 2894; x_wconf 91' lang='lat' dir='ltr'>ui</span> <span class='ocrx_word' id='word_1_158' title='bbox 673 2835 814 2919; x_wconf 88' lang='lat' dir='ltr'>patent.</span> <span class='ocrx_word' id='word_1_159' title='bbox 914 2836 917 2843; x_wconf 51' lang='lat'>¹</span> 
     </span>
    </p>
   </div>
   <div class='ocr_carea' id='block_1_3' title="bbox 106 2991 1042 3395">
    <p class='ocr_par' dir='ltr' id='par_1_3' title="bbox 106 2991 1042 3395">
     <span class='ocr_line' id='line_1_28' title="bbox 173 2991 981 3100; baseline -0.02 -19"><span class='ocrx_word' id='word_1_160' title='bbox 173 3008 231 3081; x_wconf 84' lang='lat' dir='ltr'>Ut</span> <span class='ocrx_word' id='word_1_161' title='bbox 249 3021 377 3079; x_wconf 86' lang='lat' dir='ltr'>autem</span> <span class='ocrx_word' id='word_1_162' title='bbox 403 2998 608 3100; x_wconf 88' lang='lat' dir='ltr'>amplitudo</span> <span class='ocrx_word' id='word_1_163' title='bbox 626 3021 670 3072; x_wconf 89' lang='lat' dir='ltr'>ac</span> <span class='ocrx_word' id='word_1_164' title='bbox 691 2991 870 3095; x_wconf 84' lang='lat' dir='ltr'>dilpofitin</span> <span class='ocrx_word' id='word_1_165' title='bbox 893 3010 981 3066; x_wconf 88' lang='lat' dir='ltr'>con·</span> 
     </span>
     <span class='ocr_line' id='line_1_29' title="bbox 106 3089 1042 3190; baseline -0.021 -7"><span class='ocrx_word' id='word_1_166' title='bbox 106 3107 271 3185; x_wconf 87' lang='lat' dir='ltr'>clavium</span> <span class='ocrx_word' id='word_1_167' title='bbox 309 3099 432 3190; x_wconf 85' lang='lat' dir='ltr'>debita</span> <span class='ocrx_word' id='word_1_168' title='bbox 469 3101 709 3184; x_wconf 83' lang='lat' dir='ltr'>obtineatur,</span> <span class='ocrx_word' id='word_1_169' title='bbox 742 3089 978 3168; x_wconf 67' lang='lat' dir='ltr'>Architedbus</span> <span class='ocrx_word' id='word_1_170' title='bbox 1040 3108 1042 3112; x_wconf 76' lang='grc'>’</span> 
     </span>
     <span class='ocr_line' id='line_1_30' title="bbox 107 3188 983 3395; baseline -0.025 -108"><span class='ocrx_word' id='word_1_171' title='bbox 107 3211 158 3287; x_wconf 91' lang='lat' dir='ltr'>ob</span> <span class='ocrx_word' id='word_1_172' title='bbox 182 3203 321 3297; x_wconf 81' lang='lat' dir='ltr'>oculos¹</span> <span class='ocrx_word' id='word_1_173' title='bbox 337 3199 578 3395; x_wconf 55' lang='grc' dir='ltr'>αηίιηυιηὲυο</span> <span class='ocrx_word' id='word_1_174' title='bbox 604 3195 740 3274; x_wconf 87' lang='lat' dir='ltr'>llatuat</span> <span class='ocrx_word' id='word_1_175' title='bbox 764 3188 983 3366; x_wconf 50' lang='lat' dir='ltr'>neceffecoepi</span> 
     </span>
    </p>

    <p class='ocr_par' dir='ltr' id='par_1_4' title="bbox 353 3319 985 3376">
     <span class='ocr_line' id='line_1_31' title="bbox 353 3319 985 3376; baseline -0.021 -40"><span class='ocrx_word' id='word_1_176' title='bbox 353 3332 355 3336; x_wconf 13' lang='grc' dir='ltr'><em>Α</em></span> <span class='ocrx_word' id='word_1_177' title='bbox 545 3319 570 3376; x_wconf 79' lang='lat'>2</span> <span class='ocrx_word' id='word_1_178' title='bbox 970 3326 985 3345; x_wconf 63' lang='lat'>‚</span> 
     </span>
    </p>
   </div>
   <div class='ocr_carea' id='block_1_4' title="bbox 0 0 1067 3682">
    <p class='ocr_par' dir='ltr' id='par_1_5' title="bbox 0 0 1067 3682">
     <span class='ocr_line' id='line_1_32' title="bbox 0 0 1067 3682; baseline 0 0"><span class='ocrx_word' id='word_1_179' title='bbox 0 0 1067 3682; x_wconf 95' lang='lat' dir='ltr'> </span> 
     </span>
    </p>
   </div>
  </div>
 </body>
</html>
