2086 3682
336 140 593 256 Astrnnomn.
835 172 919 263 401

61 306 221 411 qualitas
246 304 271 381 st
292 307 339 381 ad
365 309 527 383 medium
553 328 597 380 ut
612 326 751 383 vocant
772 330 929 387 motum.

61 429 275 493 revocetur,
300 410 477 481 Saturnus
502 407 694 507 periodum
719 424 838 487 rotam
858 411 917 483 ab·

62 508 172 584 solvit
197 507 300 581 annis
325 506 457 606 viginti
482 528 618 583 novem
642 507 680 580 ἃ
707 504 815 581 ultra.
858 509 920 585 Ad

62 610 141 682 dies
166 606 205 681 dt
230 607 340 695 horas
376 606 477 704 quod
500 608 642 689 adtinet
672 628 716 679 ac
748 604 916 696 minuta,

62 704 268 804 discrepant
293 700 489 787 auderem
521 706 607 779 hinc
639 726 768 781 eorum
797 705 918 787 calcu,

61 803 141 879 lum
164 807 346 877 incertum
373 823 453 877 turn
480 802 634 888 innoc,
665 825 746 877 tum
777 804 918 889 intell·

85 902 155 981 uis¹
168 901 323 1002 planetis
351 900 488 977 silentio
513 903 807 1000 pretereundum
834 928 918 979 cen·

73 1024 123 1077 un

131 1198 263 1273 Motus
288 1197 372 1296 Jovi
387 1197 555 1296 proprius
578 1197 616 1270 in
638 1198 816 1297 qualitate
831 1224 915 1277 con·

60 1298 167 1375 venit
207 1320 293 1373 cum
334 1299 519 1383 Saturn03
560 1294 682 1375 differt
721 1318 845 1375 autem
879 1302 918 1376 in

59 1398 269 1497 quantitate
291 1398 456 1495 periodi,
485 1399 621 1498 quippe
642 1398 739 1477 hanc
763 1399 925 1479 absolvit

59 1496 165 1576 auoit
188 1492 266 1571 fere
291 1496 498 1571 duodecim.
826 1496 830 1523 ²

131 1694 292 1793 Motus,
322 1714 435 1792 quern
461 1694 561 1769 Mars
584 1695 770 1794 proprium
795 1716 917 1780 tenet,

60 1794 305 1869 smmiliterin
322 1793 496 1889 qualitate
512 1818 586 1869 non
598 1794 775 1895 discrepat
791 1797 920 1883 aduo-¹

60 1895 133 1968 but
151 1890 396 1994 ¹superioribus
422 1891 592 1991 planetis,
618 1894 711 1968 bene
734 1916 858 1969 tamen
874 1898 913 1972 in

57 1994 267 2095 quantitate
290 1990 492 2089 periodica:
521 2013 653 2089 nempe
679 1992 833 2073 absolvit
853 2016 915 2093 pe·

56 2094 208 2169 riodurn
229 2089 331 2165 suam
348 2089 451 2165 annis
467 2088 612 2163 circiter
634 2088 791 2163 duobus.
918 2132 921 2149 =

102 2204 113 2237 Ι
271 2226 274 2231 .

134 2287 288 2373 Motus,
320 2309 431 2386 quenr
462 2283 513 2362 sol
543 2284 603 2361 fibi
633 2286 806 2363 vendicat
829 2308 913 2386 pro·

58 2386 211 2489 prium,
247 2385 298 2459 est
322 2388 464 2461 medius
488 2386 527 2463 ἃ
551 2385 741 2485 simplicior
765 2384 913 2487 reliquis

58 2487 239 2563 omniurn
261 2484 489 2584 planetarum
521 2487 682 2561 motibus
713 2510 757 2561 ac
786 2488 913 2586 regula

58 2604 299 2670 caeterorum,
330 2603 463 2683 utpote
488 2585 549 2682 qui
583 2609 647 2684 per
670 2583 802 2662 lineam
826 2585 911 2660 ecli-

58 2684 200 2785 pticam
229 2682 334 2779 super
367 2685 529 2779 ejusdem
563 2707 631 2759 axe
668 2707 712 2759 ac
747 2685 839 2783 polis
865 2681 912 2757 se·

59 2784 224 2859 nundum
248 2781 402 2856 Zodiaci
429 2780 610 2879 ignorum
636 2780 759 2857 seriem
786 2805 920 2882 perpe.

59 2899 127 2959 tuo
153 2883 304 2957 incedit.
368 2878 557 2961 Manifesta
580 2881 689 2978 hujus
714 2903 837 2955 motus
862 2880 912 2957 se·
1026 2964 1029 2968 ,

60 2984 171 3059 nandi
204 2978 478 3068 indiciarum,
517 2981 616 3078 quod
650 3004 723 3056 non
755 2981 914 3056 eundem

60 3078 210 3183 semper
225 3077 348 3154 locum
380 3098 467 3155 ortu
498 3077 560 3153 suo
593 3079 796 3175 occasuque
831 3079 913 3154 illu-

60 3178 156 3337 litet,
170 3178 232 3256 sed
257 3199 302 3253 ex
320 3175 473 3351 Austrag
490 3180 604 3354 plpga
626 3181 664 3252 in
691 3179 912 3353 Se'ptentqqq:
