<?xml version="1.0" encoding="UTF-8"?>
<!DOCTYPE html PUBLIC "-//W3C//DTD XHTML 1.0 Transitional//EN"
    "http://www.w3.org/TR/xhtml1/DTD/xhtml1-transitional.dtd">
<html xmlns="http://www.w3.org/1999/xhtml" xml:lang="en" lang="en">
 <head>
  <title>
</title>
<meta http-equiv="Content-Type" content="text/html;charset=utf-8" />
  <meta name='ocr-system' content='tesseract 3.04.00' />
  <meta name='ocr-capabilities' content='ocr_page ocr_carea ocr_par ocr_line ocrx_word'/>
</head>
<body>
  <div class='ocr_page' id='page_1' title='image "./bibliothecadome02manngoog_0721.png"; bbox 0 0 2086 3682; ppageno 0'>
   <div class='ocr_carea' id='block_1_1' title="bbox 146 116 713 264">
    <p class='ocr_par' dir='ltr' id='par_1_1' title="bbox 146 116 713 264">
     <span class='ocr_line' id='line_1_1' title="bbox 146 116 713 264; baseline -0.009 -27"><span class='ocrx_word' id='word_1_1' title='bbox 146 176 229 264; x_wconf 81' lang='lat'>130</span> <span class='ocrx_word' id='word_1_2' title='bbox 420 116 426 147; x_wconf 60' lang='lat'><em>³</em></span> <span class='ocrx_word' id='word_1_3' title='bbox 470 132 599 264; x_wconf 75' lang='lat' dir='ltr'>Caput</span> <span class='ocrx_word' id='word_1_4' title='bbox 632 138 681 237; x_wconf 88' lang='lat' dir='ltr'><em>V</em></span> <span class='ocrx_word' id='word_1_5' title='bbox 678 141 713 233; x_wconf 74' lang='lat' dir='ltr'>I,</span> 
     </span>
    </p>
   </div>
   <div class='ocr_carea' id='block_1_2' title="bbox 141 296 1001 3256">
    <p class='ocr_par' dir='ltr' id='par_1_2' title="bbox 141 296 1001 3256">
     <span class='ocr_line' id='line_1_2' title="bbox 141 296 998 409; baseline -0.007 -18"><span class='ocrx_word' id='word_1_6' title='bbox 141 308 309 391; x_wconf 66' lang='lat' dir='ltr'>irenienti</span> <span class='ocrx_word' id='word_1_7' title='bbox 333 311 514 409; x_wconf 75' lang='lat' dir='ltr'>ineptum,</span> <span class='ocrx_word' id='word_1_8' title='bbox 540 296 787 407; x_wconf 80' lang='lat' dir='ltr'>humoresque</span> <span class='ocrx_word' id='word_1_9' title='bbox 813 306 998 385; x_wconf 81' lang='lat' dir='ltr'>craffns&amp;</span> 
     </span>
     <span class='ocr_line' id='line_1_3' title="bbox 144 402 995 509; baseline -0.005 -21"><span class='ocrx_word' id='word_1_10' title='bbox 144 408 259 488; x_wconf 82' lang='lat' dir='ltr'>¹acres·</span> <span class='ocrx_word' id='word_1_11' title='bbox 271 418 468 509; x_wconf 79' lang='lat' dir='ltr'>generant:</span> <span class='ocrx_word' id='word_1_12' title='bbox 497 402 570 506; x_wconf 83' lang='lat' dir='ltr'>ipsa</span> <span class='ocrx_word' id='word_1_13' title='bbox 592 404 689 482; x_wconf 68' lang='lat' dir='ltr'>&#39;iero</span> <span class='ocrx_word' id='word_1_14' title='bbox 712 407 873 497; x_wconf 85' lang='lat' dir='ltr'>cruditas</span> <span class='ocrx_word' id='word_1_15' title='bbox 890 436 912 483; x_wconf 88' lang='lat' dir='ltr'>a</span> <span class='ocrx_word' id='word_1_16' title='bbox 929 436 995 501; x_wconf 77' lang='lat' dir='ltr'>ma·</span> 
     </span>
     <span class='ocr_line' id='line_1_4' title="bbox 143 504 994 608; baseline -0.006 -22"><span class='ocrx_word' id='word_1_17' title='bbox 143 504 182 597; x_wconf 79' lang='lat' dir='ltr'>ia</span> <span class='ocrx_word' id='word_1_18' title='bbox 207 510 486 608; x_wconf 83' lang='lat' dir='ltr'>cibipotusque</span> <span class='ocrx_word' id='word_1_19' title='bbox 511 504 708 605; x_wconf 84' lang='lat' dir='ltr'>digestione</span> <span class='ocrx_word' id='word_1_20' title='bbox 734 504 916 607; x_wconf 82' lang='lat' dir='ltr'>originem</span> <span class='ocrx_word' id='word_1_21' title='bbox 938 511 994 581; x_wconf 91' lang='lat' dir='ltr'>du-</span> 
     </span>
     <span class='ocr_line' id='line_1_5' title="bbox 141 602 994 704; baseline -0.004 -20"><span class='ocrx_word' id='word_1_22' title='bbox 141 602 225 692; x_wconf 64' lang='lat' dir='ltr'>bit,</span> <span class='ocrx_word' id='word_1_23' title='bbox 258 606 296 680; x_wconf 79' lang='grc' dir='ltr'>δι</span> <span class='ocrx_word' id='word_1_24' title='bbox 329 606 408 681; x_wconf 85' lang='lat' dir='ltr'>haec</span> <span class='ocrx_word' id='word_1_25' title='bbox 436 606 480 680; x_wconf 93' lang='lat' dir='ltr'>ab</span> <span class='ocrx_word' id='word_1_26' title='bbox 505 607 697 704; x_wconf 89' lang='lat' dir='ltr'>utriusque</span> <span class='ocrx_word' id='word_1_27' title='bbox 730 603 797 678; x_wconf 86' lang='lat' dir='ltr'>usu</span> <span class='ocrx_word' id='word_1_28' title='bbox 824 606 994 683; x_wconf 85' lang='lat' dir='ltr'>immode-</span> 
     </span>
     <span class='ocr_line' id='line_1_6' title="bbox 145 703 998 804; baseline -0.001 -23"><span class='ocrx_word' id='word_1_29' title='bbox 145 726 241 782; x_wconf 84' lang='lat' dir='ltr'>rato.</span> <span class='ocrx_word' id='word_1_30' title='bbox 284 706 370 803; x_wconf 79' lang='lat' dir='ltr'>¹Sed</span> <span class='ocrx_word' id='word_1_31' title='bbox 395 705 465 778; x_wconf 85' lang='lat' dir='ltr'>erit</span> <span class='ocrx_word' id='word_1_32' title='bbox 489 703 656 792; x_wconf 77' lang='lat' dir='ltr'>fortasse,</span> <span class='ocrx_word' id='word_1_33' title='bbox 689 703 751 804; x_wconf 88' lang='lat' dir='ltr'>qui</span> <span class='ocrx_word' id='word_1_34' title='bbox 777 704 900 791; x_wconf 87' lang='lat' dir='ltr'>dicet,</span> <span class='ocrx_word' id='word_1_35' title='bbox 921 705 998 780; x_wconf 84' lang='lat' dir='ltr'>&#39;san-</span> 
     </span>
     <span class='ocr_line' id='line_1_7' title="bbox 144 800 996 909; baseline 0 -32"><span class='ocrx_word' id='word_1_36' title='bbox 144 800 299 907; x_wconf 72' lang='lat' dir='ltr'>guinem</span> <span class='ocrx_word' id='word_1_37' title='bbox 324 822 564 902; x_wconf 83' lang='lat' dir='ltr'>peccantem,</span> <span class='ocrx_word' id='word_1_38' title='bbox 593 822 639 909; x_wconf 73' lang='grc' dir='ltr'>ιιι</span> <span class='ocrx_word' id='word_1_39' title='bbox 666 816 804 900; x_wconf 78' lang='grc' dir='ltr'>Ιιἰοοιιιιι</span> <span class='ocrx_word' id='word_1_40' title='bbox 836 804 996 893; x_wconf 87' lang='lat' dir='ltr'>Medici,</span> 
     </span>
     <span class='ocr_line' id='line_1_8' title="bbox 146 900 999 1000; baseline -0.006 -17"><span class='ocrx_word' id='word_1_41' title='bbox 146 901 219 983; x_wconf 73' lang='lat' dir='ltr'>effe</span> <span class='ocrx_word' id='word_1_42' title='bbox 243 904 391 1000; x_wconf 87' lang='lat' dir='ltr'>quidem</span> <span class='ocrx_word' id='word_1_43' title='bbox 421 902 642 981; x_wconf 87' lang='lat' dir='ltr'>morborum·</span> <span class='ocrx_word' id='word_1_44' title='bbox 668 900 822 977; x_wconf 79' lang='lat' dir='ltr'>tauffam</span> <span class='ocrx_word' id='word_1_45' title='bbox 855 906 999 980; x_wconf 79' lang='lat' dir='ltr'>unitam</span> 
     </span>
     <span class='ocr_line' id='line_1_9' title="bbox 145 996 998 1095; baseline 0 -17"><span class='ocrx_word' id='word_1_46' title='bbox 145 996 360 1078; x_wconf 84' lang='lat' dir='ltr'>interiorem</span> <span class='ocrx_word' id='word_1_47' title='bbox 392 1029 399 1070; x_wconf 93' lang='lat'>:</span> <span class='ocrx_word' id='word_1_48' title='bbox 436 1021 475 1074; x_wconf 89' lang='lat' dir='ltr'>at</span> <span class='ocrx_word' id='word_1_49' title='bbox 512 1000 647 1075; x_wconf 84' lang='lat' dir='ltr'>multas</span> <span class='ocrx_word' id='word_1_50' title='bbox 676 999 748 1077; x_wconf 82' lang='lat' dir='ltr'>¹effe</span> <span class='ocrx_word' id='word_1_51' title='bbox 776 1001 865 1077; x_wconf 89' lang='lat' dir='ltr'>alias</span> <span class='ocrx_word' id='word_1_52' title='bbox 903 1012 998 1095; x_wconf 69' lang='lat' dir='ltr'>exste-</span> 
     </span>
     <span class='ocr_line' id='line_1_10' title="bbox 146 1098 999 1203; baseline -0.002 -24"><span class='ocrx_word' id='word_1_53' title='bbox 146 1101 371 1187; x_wconf 82' lang='lat' dir='ltr'>tiores,aeris</span> <span class='ocrx_word' id='word_1_54' title='bbox 390 1100 668 1199; x_wconf 85' lang='lat' dir='ltr'>intemperiem,</span> <span class='ocrx_word' id='word_1_55' title='bbox 693 1098 841 1187; x_wconf 80' lang='lat' dir='ltr'>astum,</span> <span class='ocrx_word' id='word_1_56' title='bbox 863 1099 999 1203; x_wconf 85' lang='lat' dir='ltr'>frigus,</span> 
     </span>
     <span class='ocr_line' id='line_1_11' title="bbox 148 1196 1000 1300; baseline 0.002 -27"><span class='ocrx_word' id='word_1_57' title='bbox 148 1196 312 1295; x_wconf 86' lang='lat' dir='ltr'>laborem</span> <span class='ocrx_word' id='word_1_58' title='bbox 338 1198 507 1286; x_wconf 89' lang='lat' dir='ltr'>nimium,</span> <span class='ocrx_word' id='word_1_59' title='bbox 534 1199 604 1275; x_wconf 79' lang='lat' dir='ltr'>&amp;n</span> <span class='ocrx_word' id='word_1_60' title='bbox 632 1221 712 1300; x_wconf 82' lang='lat' dir='ltr'>quae</span> <span class='ocrx_word' id='word_1_61' title='bbox 738 1198 864 1300; x_wconf 78' lang='lat' dir='ltr'>sapius</span> <span class='ocrx_word' id='word_1_62' title='bbox 887 1204 1000 1277; x_wconf 80' lang='lat' dir='ltr'>evita·</span> 
     </span>
     <span class='ocr_line' id='line_1_12' title="bbox 149 1294 1001 1399; baseline 0.001 -25"><span class='ocrx_word' id='word_1_63' title='bbox 149 1296 182 1375; x_wconf 85' lang='lat' dir='ltr'>ri</span> <span class='ocrx_word' id='word_1_64' title='bbox 218 1296 317 1371; x_wconf 89' lang='lat' dir='ltr'>nulia</span> <span class='ocrx_word' id='word_1_65' title='bbox 348 1298 490 1373; x_wconf 88' lang='lat' dir='ltr'>ratione</span> <span class='ocrx_word' id='word_1_66' title='bbox 522 1294 679 1399; x_wconf 76' lang='lat' dir='ltr'><strong>possunt.</strong></span> <span class='ocrx_word' id='word_1_67' title='bbox 740 1298 885 1373; x_wconf 86' lang='lat' dir='ltr'>Verum</span> <span class='ocrx_word' id='word_1_68' title='bbox 915 1302 1001 1387; x_wconf 80' lang='lat' dir='ltr'>huie</span> 
     </span>
     <span class='ocr_line' id='line_1_13' title="bbox 150 1392 999 1512; baseline 0.001 -39"><span class='ocrx_word' id='word_1_69' title='bbox 150 1392 373 1512; x_wconf 74' lang='lat' dir='ltr'>respondeo,</span> <span class='ocrx_word' id='word_1_70' title='bbox 404 1398 517 1473; x_wconf 90' lang='lat' dir='ltr'>etiam</span> <span class='ocrx_word' id='word_1_71' title='bbox 543 1398 598 1471; x_wconf 88' lang='lat' dir='ltr'>his</span> <span class='ocrx_word' id='word_1_72' title='bbox 623 1398 709 1471; x_wconf 82' lang='lat' dir='ltr'>vit&#39;ae</span> <span class='ocrx_word' id='word_1_73' title='bbox 732 1397 999 1491; x_wconf 83' lang='lat' dir='ltr'>incommodis,</span> 
     </span>
     <span class='ocr_line' id='line_1_14' title="bbox 146 1490 998 1613; baseline 0.005 -44"><span class='ocrx_word' id='word_1_74' title='bbox 146 1490 285 1597; x_wconf 73' lang='lat' dir='ltr'>&#39;tpurbus</span> <span class='ocrx_word' id='word_1_75' title='bbox 310 1496 482 1599; x_wconf 62' lang='lat' dir='ltr'>eximere.</span> <span class='ocrx_word' id='word_1_76' title='bbox 499 1520 565 1571; x_wconf 88' lang='lat' dir='ltr'>nos</span> <span class='ocrx_word' id='word_1_77' title='bbox 592 1497 736 1613; x_wconf 84' lang='lat' dir='ltr'>penitus</span> <span class='ocrx_word' id='word_1_78' title='bbox 762 1497 862 1572; x_wconf 85' lang='lat' dir='ltr'>haud</span> <span class='ocrx_word' id='word_1_79' title='bbox 887 1498 998 1600; x_wconf 75' lang='lat' dir='ltr'>possu-</span> 
     </span>
     <span class='ocr_line' id='line_1_15' title="bbox 145 1595 999 1694; baseline 0.004 -26"><span class='ocrx_word' id='word_1_80' title='bbox 145 1618 263 1683; x_wconf 83' lang='lat' dir='ltr'>mus,</span> <span class='ocrx_word' id='word_1_81' title='bbox 298 1595 439 1694; x_wconf 89' lang='lat' dir='ltr'>optime</span> <span class='ocrx_word' id='word_1_82' title='bbox 464 1596 607 1685; x_wconf 68' lang='lat' dir='ltr'>mederi·</span> <span class='ocrx_word' id='word_1_83' title='bbox 625 1596 782 1670; x_wconf 82' lang='lat' dir='ltr'>diaetam</span> <span class='ocrx_word' id='word_1_84' title='bbox 855 1600 999 1691; x_wconf 86' lang='lat' dir='ltr'>Norunt</span> 
     </span>
     <span class='ocr_line' id='line_1_16' title="bbox 151 1692 999 1793; baseline 0.006 -27"><span class='ocrx_word' id='word_1_85' title='bbox 151 1695 249 1793; x_wconf 80' lang='lat' dir='ltr'>enim</span> <span class='ocrx_word' id='word_1_86' title='bbox 274 1693 499 1792; x_wconf 81' lang='lat' dir='ltr'>Philosophi,</span> <span class='ocrx_word' id='word_1_87' title='bbox 525 1696 581 1766; x_wconf 87' lang='lat' dir='ltr'>uti</span> <span class='ocrx_word' id='word_1_88' title='bbox 604 1694 703 1781; x_wconf 83' lang='lat' dir='ltr'>alias,</span> <span class='ocrx_word' id='word_1_89' title='bbox 727 1696 779 1769; x_wconf 83' lang='lat' dir='ltr'>ita&#39;</span> <span class='ocrx_word' id='word_1_90' title='bbox 802 1694 841 1770; x_wconf 90' lang='lat'>&amp;</span> <span class='ocrx_word' id='word_1_91' title='bbox 866 1692 999 1791; x_wconf 80' lang='lat' dir='ltr'>cauiia‘s</span> 
     </span>
     <span class='ocr_line' id='line_1_17' title="bbox 152 1792 999 1892; baseline 0.005 -25"><span class='ocrx_word' id='word_1_92' title='bbox 152 1793 352 1879; x_wconf 76' lang='lat' dir='ltr'>exteriores</span> <span class='ocrx_word' id='word_1_93' title='bbox 367 1814 453 1867; x_wconf 51' lang='lat' dir='ltr'>¹non</span> <span class='ocrx_word' id='word_1_94' title='bbox 477 1814 585 1891; x_wconf 73' lang='lat' dir='ltr'>agere</span> <span class='ocrx_word' id='word_1_95' title='bbox 603 1792 655 1866; x_wconf 78' lang='lat' dir='ltr'>&#39;in</span> <span class='ocrx_word' id='word_1_96' title='bbox 679 1817 839 1892; x_wconf 85' lang='lat' dir='ltr'>corpus,</span> <span class='ocrx_word' id='word_1_97' title='bbox 872 1796 937 1870; x_wconf 82' lang='lat' dir='ltr'>nifi</span> <span class='ocrx_word' id='word_1_98' title='bbox 961 1810 999 1871; x_wconf 83' lang='lat' dir='ltr'>ut</span> 
     </span>
     <span class='ocr_line' id='line_1_18' title="bbox 148 1886 995 1989; baseline 0.006 -24"><span class='ocrx_word' id='word_1_99' title='bbox 148 1886 371 1989; x_wconf 75' lang='lat' dir='ltr'>¹dispositum.</span> <span class='ocrx_word' id='word_1_100' title='bbox 394 1898 409 1987; x_wconf 72' lang='lat' dir='ltr'><em>j</em></span> <span class='ocrx_word' id='word_1_101' title='bbox 437 1892 661 1989; x_wconf 27' lang='lat' dir='ltr'>Qroniamdi</span> <span class='ocrx_word' id='word_1_102' title='bbox 689 1893 763 1967; x_wconf 80' lang='lat' dir='ltr'>i&#39;t&#39;isr</span> <span class='ocrx_word' id='word_1_103' title='bbox 786 1894 893 1970; x_wconf 79' lang='lat' dir='ltr'>diaeta</span> <span class='ocrx_word' id='word_1_104' title='bbox 920 1902 995 1969; x_wconf 82' lang='lat' dir='ltr'>coit·</span> 
     </span>
     <span class='ocr_line' id='line_1_19' title="bbox 147 1980 998 2091; baseline 0 -26"><span class='ocrx_word' id='word_1_105' title='bbox 147 1980 272 2065; x_wconf 82' lang='lat' dir='ltr'>&#39;servat</span> <span class='ocrx_word' id='word_1_106' title='bbox 298 1986 443 2090; x_wconf 80' lang='lat' dir='ltr'>corpus,</span> <span class='ocrx_word' id='word_1_107' title='bbox 464 1990 622 2066; x_wconf 83' lang='lat' dir='ltr'>maxime</span> <span class='ocrx_word' id='word_1_108' title='bbox 662 1992 858 2091; x_wconf 85' lang='lat' dir='ltr'>anguinem</span> <span class='ocrx_word' id='word_1_109' title='bbox 883 1994 998 2087; x_wconf 82' lang='lat' dir='ltr'>&amp;hn-</span> 
     </span>
     <span class='ocr_line' id='line_1_20' title="bbox 150 2091 999 2188; baseline 0.006 -26"><span class='ocrx_word' id='word_1_110' title='bbox 150 2109 297 2183; x_wconf 78' lang='lat' dir='ltr'>mores,</span> <span class='ocrx_word' id='word_1_111' title='bbox 334 2096 468 2188; x_wconf 75' lang='lat' dir='ltr'>puram</span> <span class='ocrx_word' id='word_1_112' title='bbox 495 2113 537 2164; x_wconf 88' lang='lat' dir='ltr'>ac</span> <span class='ocrx_word' id='word_1_113' title='bbox 563 2109 831 2188; x_wconf 86' lang='lat' dir='ltr'>temperatum,</span> <span class='ocrx_word' id='word_1_114' title='bbox 862 2091 933 2167; x_wconf 84' lang='lat' dir='ltr'>iliae</span> <span class='ocrx_word' id='word_1_115' title='bbox 957 2094 999 2167; x_wconf 82' lang='lat' dir='ltr'>de</span> 
     </span>
     <span class='ocr_line' id='line_1_21' title="bbox 149 2188 999 2289; baseline 0.006 -27"><span class='ocrx_word' id='word_1_116' title='bbox 149 2192 152 2197; x_wconf 83' lang='grc'>’</span> <span class='ocrx_word' id='word_1_117' title='bbox 182 2189 287 2263; x_wconf 88' lang='lat' dir='ltr'>uibus</span> <span class='ocrx_word' id='word_1_118' title='bbox 312 2189 400 2277; x_wconf 85' lang='lat' dir='ltr'>dixi,</span> <span class='ocrx_word' id='word_1_119' title='bbox 411 2190 607 2289; x_wconf 65' lang='lat' dir='ltr'>exteriores</span> <span class='ocrx_word' id='word_1_120' title='bbox 632 2188 757 2265; x_wconf 78' lang='lat' dir='ltr'>cauffae</span> <span class='ocrx_word' id='word_1_121' title='bbox 783 2189 926 2267; x_wconf 85' lang='lat' dir='ltr'>sanitati</span> <span class='ocrx_word' id='word_1_122' title='bbox 941 2215 999 2267; x_wconf 89' lang='lat' dir='ltr'>no-</span> 
     </span>
     <span class='ocr_line' id='line_1_22' title="bbox 148 2212 999 2369; baseline -0.001 -2"><span class='ocrx_word' id='word_1_123' title='bbox 148 2212 231 2367; x_wconf 73' lang='lat' dir='ltr'>&#39;iirae</span> <span class='ocrx_word' id='word_1_124' title='bbox 252 2286 456 2363; x_wconf 74' lang='lat' dir='ltr'>insidiantes</span> <span class='ocrx_word' id='word_1_125' title='bbox 480 2284 643 2362; x_wconf 84' lang='lat' dir='ltr'>hostilem</span> <span class='ocrx_word' id='word_1_126' title='bbox 677 2287 753 2363; x_wconf 87' lang='lat' dir='ltr'>vim</span> <span class='ocrx_word' id='word_1_127' title='bbox 779 2289 877 2369; x_wconf 86' lang='lat' dir='ltr'>suam</span> <span class='ocrx_word' id='word_1_128' title='bbox 904 2294 941 2366; x_wconf 93' lang='lat' dir='ltr'>in</span> <span class='ocrx_word' id='word_1_129' title='bbox 965 2288 999 2366; x_wconf 87' lang='lat' dir='ltr'>id</span> 
     </span>
     <span class='ocr_line' id='line_1_23' title="bbox 155 2386 999 2480; baseline 0.006 -16"><span class='ocrx_word' id='word_1_130' title='bbox 155 2386 217 2464; x_wconf 68' lang='lat' dir='ltr'>‘vel</span> <span class='ocrx_word' id='word_1_131' title='bbox 243 2387 392 2473; x_wconf 84' lang='lat' dir='ltr'>omnino</span> <span class='ocrx_word' id='word_1_132' title='bbox 409 2410 503 2479; x_wconf 83' lang='lat' dir='ltr'>non,</span> <span class='ocrx_word' id='word_1_133' title='bbox 528 2386 588 2461; x_wconf 88' lang='lat' dir='ltr'>vel</span> <span class='ocrx_word' id='word_1_134' title='bbox 616 2410 689 2461; x_wconf 90' lang='lat' dir='ltr'>non</span> <span class='ocrx_word' id='word_1_135' title='bbox 714 2390 766 2463; x_wconf 92' lang='lat' dir='ltr'>ita</span> <span class='ocrx_word' id='word_1_136' title='bbox 790 2388 910 2480; x_wconf 86' lang='lat' dir='ltr'>facile,</span> <span class='ocrx_word' id='word_1_137' title='bbox 926 2413 999 2469; x_wconf 88' lang='lat' dir='ltr'>tan·</span> 
     </span>
     <span class='ocr_line' id='line_1_24' title="bbox 148 2486 998 2591; baseline 0.001 -30"><span class='ocrx_word' id='word_1_138' title='bbox 148 2507 270 2585; x_wconf 85' lang='lat' dir='ltr'>toque</span> <span class='ocrx_word' id='word_1_139' title='bbox 315 2507 399 2589; x_wconf 80' lang='lat' dir='ltr'>corp</span> <span class='ocrx_word' id='word_1_140' title='bbox 427 2486 588 2591; x_wconf 73' lang='lat' dir='ltr'>impeto·</span> <span class='ocrx_word' id='word_1_141' title='bbox 609 2507 786 2584; x_wconf 85' lang='lat' dir='ltr'>poterunt</span> <span class='ocrx_word' id='word_1_142' title='bbox 823 2492 998 2567; x_wconf 81' lang='lat' dir='ltr'>e&#39;xercete.</span> 
     </span>
     <span class='ocr_line' id='line_1_25' title="bbox 155 2583 999 2691; baseline -0.001 -29"><span class='ocrx_word' id='word_1_143' title='bbox 155 2583 435 2682; x_wconf 74' lang='lat' dir='ltr'>Exemplumin</span> <span class='ocrx_word' id='word_1_144' title='bbox 456 2588 604 2673; x_wconf 75' lang='lat' dir='ltr'>Socrate</span> <span class='ocrx_word' id='word_1_145' title='bbox 634 2588 840 2679; x_wconf 86' lang='lat' dir='ltr'>habemus,</span> <span class='ocrx_word' id='word_1_146' title='bbox 873 2594 937 2691; x_wconf 84' lang='lat' dir='ltr'>qui</span> <span class='ocrx_word' id='word_1_147' title='bbox 961 2608 999 2663; x_wconf 89' lang='grc' dir='ltr'>ιιι</span> 
     </span>
     <span class='ocr_line' id='line_1_26' title="bbox 156 2682 998 2787; baseline 0.001 -25"><span class='ocrx_word' id='word_1_148' title='bbox 156 2685 324 2763; x_wconf 89' lang='lat' dir='ltr'>Laertius</span> <span class='ocrx_word' id='word_1_149' title='bbox 354 2686 424 2780; x_wconf 89' lang='lat' dir='ltr'>(s)</span> <span class='ocrx_word' id='word_1_150' title='bbox 451 2682 615 2771; x_wconf 85' lang='lat' dir='ltr'>testatur,</span> <span class='ocrx_word' id='word_1_151' title='bbox 632 2683 701 2787; x_wconf 26' lang='lat' dir='ltr'>&#39;sua</span> <span class='ocrx_word' id='word_1_152' title='bbox 724 2683 938 2787; x_wconf 81' lang='lat' dir='ltr'>frugalitate</span> <span class='ocrx_word' id='word_1_153' title='bbox 961 2710 998 2763; x_wconf 91' lang='lat' dir='ltr'>ac</span> 
     </span>
     <span class='ocr_line' id='line_1_27' title="bbox 156 2780 996 2886; baseline 0 -27"><span class='ocrx_word' id='word_1_154' title='bbox 156 2784 398 2886; x_wconf 82' lang='lat' dir='ltr'>temperantia</span> <span class='ocrx_word' id='word_1_155' title='bbox 423 2780 557 2872; x_wconf 85' lang='lat' dir='ltr'>effecit,</span> <span class='ocrx_word' id='word_1_156' title='bbox 582 2804 625 2858; x_wconf 91' lang='lat' dir='ltr'>ut</span> <span class='ocrx_word' id='word_1_157' title='bbox 642 2790 816 2883; x_wconf 85' lang='lat' dir='ltr'>¹quamvis</span> <span class='ocrx_word' id='word_1_158' title='bbox 838 2792 996 2865; x_wconf 82' lang='lat' dir='ltr'>Athenas</span> 
     </span>
     <span class='ocr_line' id='line_1_28' title="bbox 157 2881 994 2985; baseline 0.001 -29"><span class='ocrx_word' id='word_1_159' title='bbox 157 2881 400 2984; x_wconf 71' lang='lat' dir='ltr'>sepenumero</span> <span class='ocrx_word' id='word_1_160' title='bbox 430 2882 535 2983; x_wconf 86' lang='lat' dir='ltr'>pestis</span> <span class='ocrx_word' id='word_1_161' title='bbox 557 2882 743 2974; x_wconf 76' lang='lat' dir='ltr'>=vastaret,</span> <span class='ocrx_word' id='word_1_162' title='bbox 774 2886 847 2985; x_wconf 85' lang='lat' dir='ltr'>ipse</span> <span class='ocrx_word' id='word_1_163' title='bbox 883 2910 994 2967; x_wconf 86' lang='lat' dir='ltr'>tamen</span> 
     </span>
     <span class='ocr_line' id='line_1_29' title="bbox 156 2982 993 3084; baseline -0.001 -25"><span class='ocrx_word' id='word_1_164' title='bbox 156 3005 344 3083; x_wconf 88' lang='lat' dir='ltr'>nunquam</span> <span class='ocrx_word' id='word_1_165' title='bbox 375 2984 565 3084; x_wconf 77' lang='lat' dir='ltr'>aegrotarit.</span> <span class='ocrx_word' id='word_1_166' title='bbox 634 2984 732 3058; x_wconf 92' lang='lat' dir='ltr'>Hinc</span> <span class='ocrx_word' id='word_1_167' title='bbox 757 2985 927 3063; x_wconf 85' lang='lat' dir='ltr'>Medicus</span> <span class='ocrx_word' id='word_1_168' title='bbox 954 2984 972 3058; x_wconf 87' lang='lat' dir='ltr'>s</span> <span class='ocrx_word' id='word_1_169' title='bbox 985 2982 993 2998; x_wconf 89' lang='grc'><strong>’</strong></span> 
     </span>
     <span class='ocr_line' id='line_1_30' title="bbox 156 3078 970 3256; baseline 0 -102"><span class='ocrx_word' id='word_1_170' title='bbox 156 3078 263 3182; x_wconf 74' lang='lat' dir='ltr'>ipius</span> <span class='ocrx_word' id='word_1_171' title='bbox 288 3080 372 3156; x_wconf 87' lang='lat' dir='ltr'>scite</span> <span class='ocrx_word' id='word_1_172' title='bbox 398 3084 526 3156; x_wconf 86' lang='lat' dir='ltr'>canit:</span> <span class='ocrx_word' id='word_1_173' title='bbox 940 3179 970 3256; x_wconf 62' lang='lat' dir='ltr'>p</span> 
     </span>
     <span class='ocr_line' id='line_1_31' title="bbox 964 3204 988 3249; baseline 0 -17"><span class='ocrx_word' id='word_1_174' title='bbox 964 3204 988 3249; x_wconf 72' lang='lat'>0·</span> 
     </span>
    </p>
   </div>
   <div class='ocr_carea' id='block_1_3' title="bbox 236 3222 757 3362">
    <p class='ocr_par' dir='ltr' id='par_1_3' title="bbox 236 3222 757 3362">
     <span class='ocr_line' id='line_1_32' title="bbox 236 3222 757 3362; baseline 0.004 -21"><span class='ocrx_word' id='word_1_175' title='bbox 236 3281 250 3359; x_wconf 89' lang='lat'>(</span> <span class='ocrx_word' id='word_1_176' title='bbox 264 3222 305 3360; x_wconf 70' lang='lat' dir='ltr'>si</span> <span class='ocrx_word' id='word_1_177' title='bbox 330 3258 438 3346; x_wconf 56' lang='lat' dir='ltr'>Liria.</span> <span class='ocrx_word' id='word_1_178' title='bbox 450 3252 489 3350; x_wconf 66' lang='lat' dir='ltr'>iic,</span> <span class='ocrx_word' id='word_1_179' title='bbox 499 3256 575 3342; x_wconf 69' lang='lat' dir='ltr'>ariis</span> <span class='ocrx_word' id='word_1_180' title='bbox 587 3262 757 3362; x_wconf 75' lang='lat' dir='ltr'>Piirofipi.</span> 
     </span>
    </p>
   </div>
   <div class='ocr_carea' id='block_1_4' title="bbox 0 0 1059 3682">
    <p class='ocr_par' dir='ltr' id='par_1_4' title="bbox 0 0 1059 3682">
     <span class='ocr_line' id='line_1_33' title="bbox 0 0 1059 3682; baseline 0 0"><span class='ocrx_word' id='word_1_181' title='bbox 0 0 1059 3682; x_wconf 95' lang='lat' dir='ltr'> </span> 
     </span>
    </p>
   </div>
  </div>
 </body>
</html>
