2086 3682
144 132 200 239 78
381 110 509 237 Capul
528 110 607 208 IV.
638 110 803 207 Fabricio
894 183 897 187 -

219 304 254 378 4.
269 278 328 356 Ab
341 304 428 357 aure
445 282 490 356 ad
504 281 666 379 linguam
681 282 881 382 pergimus,
891 302 996 383 quar,-

139 398 217 465 ,tam
242 382 399 481 regionis
425 379 587 456 animalis
610 399 763 481 portem.
814 378 906 454 Haec
927 407 996 483 gu.

99 540 106 569 ι
140 482 216 557 llus
244 480 362 566 ledes,
383 479 552 553 humanae
573 480 675 563 vocis
695 502 877 579 organum
898 483 994 557 vivis

138 578 267 657 fistulis
280 580 502 667 animatum,
528 578 566 652 ἃ
583 580 718 654 mentis
737 582 917 679 interpres
933 578 992 655 est.

140 678 229 777 Ejus
253 700 358 761 cero,
381 698 492 776 quam
516 678 640 752 tunica
675 678 839 777 pluribus
862 701 994 754 nervo-

139 802 223 853 rum
243 776 392 851 lurculis
416 779 613 877 intertexta
634 774 756 863 vestit,
777 774 917 863 mollis,
935 801 990 851 ra·

139 898 195 965 ra,
207 872 485 976 laxa‚'spongiae
507 874 613 950 instar
632 876 776 972 pertula
796 900 840 950 ae
855 872 994 953 summe

138 974 311 1053 volubilis
330 972 392 1049 est.
447 973 608 1049 Fulcitur
625 974 698 1050 osse
723 974 895 1079 peculiari
913 972 994 1077 Hy·

142 1073 235 1151 uider
259 1073 319 1149 seu
349 1067 492 1148 bicorne
513 1072 621 1149 diuo.
693 1076 833 1149 Decem
855 1074 995 1150 muscu-

140 1170 197 1251 los
236 1196 306 1250 ceu
344 1172 501 1247 totidem
547 1194 672 1249 motus
701 1173 883 1250 ministros
931 1198 993 1272 pe·

139 1298 207 1349 nes
235 1271 268 1347 se
300 1273 430 1359 habet,
466 1272 561 1347 duos
589 1272 651 1371 qul
679 1271 870 1361 attollant,
897 1272 992 1349 duos

141 1374 205 1473 qui
229 1372 453 1471 deprimant,
478 1372 570 1445 duos
586 1374 648 1472 qui
663 1374 881 1472 producant,
898 1374 993 1449 duos

169 1472 205 1546 ui
227 1470 428 1559 retrohant',
448 1470 596 1545 &duos
616 1474 679 1569 qui
700 1474 745 1545 ad
763 1473 930 1546 dextram
952 1472 992 1547 ἀ

139 1494 311 1647 ἓηίίὶτιπι
329 1561 488 1644 lleelant.¹
539 1571 607 1644 His
627 1571 740 1670 igitur
759 1571 865 1647 velut
878 1572 991 1646 cardi·

138 1670 248 1757 pibus
264 1666 435 1742 insertum
461 1670 500 1742 in
521 1692 670 1744 omnem
684 1691 825 1770 partem
843 1668 992 1745 versati·
1019 1712 1022 1717 ·

56 1822 60 1831 ·
138 1764 177 1845 le
207 1768 285 1843 hoc·
311 1767 517 1841 membrum
546 1764 598 1842 eli
619 1794 636 1841 r·
663 1792 710 1843 ne
733 1790 821 1847 vero
853 1768 990 1845 mobile

139 1862 360 1967 perpetuum
381 1863 507 1954 fieret,
536 1868 622 1942 fortl
645 1865 816 1968 ligamine
845 1892 984 1944 coorto

141 1984 222 2054 tur,
248 1966 352 2042 cu’us
372 1986 545 2041 extreme
564 1968 658 2064 parti
680 1966 874 2041 adposcent
897 1964 990 2041 funi·

139 2064 245 2140 culus
265 1991 414 2159 Aenum
442 2062 573 2169 lingua
604 2087 851 2164 nuncupatur.
919 2062 986 2141 Etli

140 2188 265 2240 autem
289 2164 410 2264 lingua
438 2163 608 2239 sermonis
631 2163 913 2240 instrumentum
927 2164 985 2255 stt,

138 2257 352 2361 ue'utiquam
368 2284 492 2337 tamen
511 2264 597 2335 huic
618 2266 758 2339 numeri
780 2263 985 2351 suffecisset,

139 2364 202 2437 ulfi
223 2362 378 2461 provida·
394 2383 524 2436 notura
540 2356 694 2436 flexilem
712 2365 899 2459 quandam
913 2386 985 2439 cur¹

138 2460 326 2562 tilaginem
338 2457 470 2561 lorynx
483 2482 653 2535 vocatam
670 2460 897 2555 adjunxiliet,
910 2482 984 2563 quc

137 2556 262 2661 aspero
273 2561 418 2634 arteria
427 2559 664 2660 inpulmones
676 2558 984 2638 descendentlssu·

136 2680 264 2837 prema
291 2668 374 2759 pars
387 2657 448 2734 seu
461 2674 574 2758 eaput
592 2658 654 2746 cll,
671 2660 709 2733 ἃ
728 2665 833 2737 vocis
860 2660 984 2737 modu·
1030 2662 1036 2717 l

152 2761 252 2836 endae
273 2780 477 2859 organum,
511 2758 789 2857 quatuordecim
818 2758 983 2835 musculis

135 2856 525 2956 instrullum,quorum
541 2854 615 3029 ope
628 2862 736 2934 variis
753 2861 874 2935 modis
889 2880 983 2937 com·

62 3028 65 3035 .
136 2958 320 3061 primitur,
334 2954 489 3043 laxatur,
511 2950 557 3031 lle
594 2958 684 3042 itur,
708 2958 746 3032 &
770 2978 980 3059 torquetur,

137 3078 253 3157 utque
273 3059 325 3131 ita
339 3050 482 3131 emilius
499 3078 520 3127 e
542 3054 773 3154 pulmonibus
794 3082 858 3133 aer
877 3064 913 3135 in
927 3080 979 3133 rr·

136 3152 760 3269 riosmnosartieulrpimformatur.
796 3158 851 3235 Ex
859 3161 915 3235 his
928 3177 977 3257 pr

514 3274 516 3281 '
712 3320 715 3332 .
824 3308 827 3313 -
920 3272 1007 3341 tetr-
