2086 3682
126 115 210 198 160
455 107 589 226 Caput·
629 109 700 202 VI.

107 284 147 358 '„
165 267 422 368 capulrnenta
454 274 492 348 &
523 273 642 349 edulia
663 271 902 380 -potiffimurn
928 284 995 358 nb·-

120 367 339 458 ‚‚·stinentiae
364 373 458 446 ratio
483 373 674 464 versetur,
704 401 800 451 cum·
825 404 893 478 per
928 381 986 457 iln

106 474 248 561 „rum
273 477 454 573 appetitui
479 477 525 548 ad
549 479 793 576 peccandum,
812 500 894 556 turn
921 484 993 557 ini·-

122 616 148 657 η
162 575 258 647 mico
290 576 335 649 ad
361 577 581 652 tentandum
606 577 723 675 major
749 577 982 657 subministro

122 698 225 762 „tur
249 673 402 752 occafio.
468 677 723 781 Temperantia
746 678 838 755 sunt·
849 684 978 783 igitur,

121 772 305 863 „uitandi
327 773 489 853 excessus
513 776 659 864 caussa,
697 783 799 877 quod
841 779 884 856 fit
904 782 979 854 'dn-

121 921 149 962 n
166 883 324 981 pliciter,
347 883 435 957 dum
463 883 521 958 vei
549 884 637 985 cibis
663 880 897 982 groffioribus
921 911 978 962 ve·

120 1020 148 1061 n
163 988 322 1071 scimur,
366 1002 479 1082 atque
500 980 762 1077 assuescimus,
794 986 854 1059 vel
894 989 977 1060 dum

118 1120 149 1162 ι,
165 1110 274 1185 parce
308 1083 472 1161 delicatis
498 1084 650 1169 utimur.
676 1131 703 1171 ‚,
773 1090 977 1185 Quartam:

52 1256 57 1263 ,
121 1216 147 1258 n
165 1187 279 1280 Quod
312 1206 452 1284 quanto
483 1183 565 1281 plus
590 1187 638 1260 de
661 1190 907 1265 conveniente
929 1191 977 1266 vi·

119 1314 146 1371 2,
168 1281 228 1360 &n
255 1283 420 1379 iibi'quis
446 1286 625 1360 ademerit
657 1284 808 1373 (vitato
834 1290 976 1363 interim

120 1413 147 1473 5,
168 1385 387 1468 ualetudinis
407 1383 562 1459 adversae
578 1385 681 1482 gravi
699 1387 891 1482 periculo)
904 1408 976 1462 tan-

120 1512 148 1575 5,
168 1506 209 1561 to
236 1482 390 1562 celerius
415 1481 617 1558 mensuram
643 1485 714 1558 cibi
740 1486 778 1559 &
802 1490 975 1585 porusjn·

119 1611 146 1679 ο,
160 1586 249 1659 stam
261 1578 436 1679 reperiet}
465 1603 545 1658 tum
571 1585 656 1676 quia
679 1585 753 1659 hoc
775 1588 888 1662 modo
902 1610 976 1663 me·

118 1705 145 1779 ν,
162 1684 231 1760 lius
263 1689 297 1759 se
323 1684 535 1781 disponens,
569 1684 608 1756 δι
631 1682 800 1780 obnixius
823 1688 975 1762 tendens

116 1812 144 1879 ι,
160 1785 205 1857 ad
231 1780 504 1884 perfectionem,
519 1780 651 1857 sentiet
665 1783 849 1859 interdum
867 1810 970 1885 quos·

114 1913 142 1977 2,
158 1883 241 1955 dam
269 1879 490 1985 cognitionis
513 1883 664 1956 internae
688 1885 821 1970 radios,
837 1885 877 1962 &
891 1908 974 1960 cona

115 2013 142 2076 2,
159 1979 347 2059 solatorios
373 2003 497 2057 motus
524 1982 584 2056 fibi
609 1980 757 2057 coelitus
782 1983 971 2072 immissos,

115 2113 143 2178 2,
161 2108 206 2181 ex
240 2081 371 2185 quibus
404 2081 508 2159 facile
540 2084 677 2182 poterit
708 2083 889 2157 rationem
919 2083 971 2156 vi-

115 2237 139 2277 „
157 2182 236 2259 uus
272 2182 560 2267 commodiorem
611 2181 810 2256 discernere
842 2209 853 2256 ι
891 2202 971 2256 tnm

64 2290 67 2297 ’
114 2333 141 2377 „
160 2285 333 2384 quoniam
362 2282 385 2354 fi
425 2284 504 2379 quis
538 2282 590 2356 ita
615 2278 825 2354 abstinendo
851 2280 886 2356 se
911 2284 989 2379 deg
1015 2330 1017 2345 ·

112 2382 391 2485 „prehenderit
415 2381 551 2454 viribus
575 2378 856 2453 imbecilliorem·
882 2380 969 2470 effe,

113 2532 141 2575 ,,
158 2506 268 2580 quarn
295 2500 339 2556 ut
361 2477 540 2555 Exercitia
573 2478 646 2578 ipsa
670 2477 863 2578 spiritualia
890 2504 969 2580 per·

115 2565 143 2676 ,ζ
161 2606 268 2681 agere
292 2581 487 2658 commode
509 2576 659 2661 valeat,
692 2575 737 2650 src
770 2577 877 2653 facile
907 2581 967 2653 ad·

109 2728 137 2773 „
153 2672 294 2761 verret,
320 2702 429 2778 quarn
457 2675 658 2755 mensuram
685 2673 806 2778 vitius!
829 2698 967 2777 naturae

100 2794 135 2873 ¹„
153 2775 338 2854 neccffiras
359 2779 570 2878 requirat„
601 2775 792 2849 ortanam.-
818 2778 966 2876 „Qrod

105 2879 348 2979 „plurimum
377 2879 552 2954 conducit
583 2878 628 2950 ad
662 2873 861 2950 toilendam
896 2879 964 2952 cibi

105 3023 134 3068 „
156 3000 339 3077 potusque
367 2977 662 3058 moderantiam,
699 2973 720 3046 sr
748 2995 836 3048 ante·
859 2998 962 3072 pran-

103 3123 129 3164 „
149 3078 250 3148 diurn
276 3098 341 3150 aut
368 3098 538 3161 coenam,
567 3073 847 3172 &quacunque
876 3077 960 3151 hora

105 3220 134 3268 ‚,
153 3173 251 3250 nulia
277 3175 409 3252 esuries
434 3175 608 3264 sentitur,
631 3173 767 3274 previa
789 3174 957 3290 delibera·

419 3299 422 3305 ’
671 3304 672 3307 “
894 3294 956 3349 no·
