2086 3682
335 108 427 206 viru
449 110 501 209 dd
523 111 714 227 fitnitatis,
887 141 955 229 51.
986 160 993 175 t

95 295 230 374 corpus
256 276 350 351 inter
374 277 412 352 &
436 277 594 352 animam
608 275 814 367 intercedit,
830 279 946 380 quod·

96 398 181 473 que
192 377 357 451 unionem
376 395 601 478 nuncupant,
617 374 815 459 conservat.
844 379 958 475 Natu¹

94 476 223 548 videre
252 474 358 563 licet,
383 476 652 575 quamprimum
678 474 858 575 sanguinis
877 479 944 552 cir·

93 575 217 647 cuitus
242 598 307 674 per
329 576 517 665 cerebrum
539 574 692 673 ejusque
723 566 951 655 tenuiffim'as.

92 674 243 747 arterias
265 674 490 761 hebetatur,
523 672 586 748 vel
610 671 760 749 omnino
785 672 913 757 definit
928 680 966 763 ,25

91 766 216 868 adium
243 772 313 853 eric
338 772 383 845 de
409 771 535 846 animae
559 764 842 871 operationibus.
874 773 957 867 Harj

92 892 253 968 namque
279 870 369 946 tales
394 868 464 946 eise
491 868 618 962 solent,
632 870 748 971 qualis
765 866 859 972 iliius
878 895 944 983 pes

92 968 283 1043 cerebrum
308 988 449 1045 motus:
479 968 622 1047 ficeler
646 972 707 1045 hie
730 969 781 1045 est
794 1018 805 1056 ‚
830 973 952 1049 etiaim

91 1070 325 1185 operationes
350 1068 479 1144 animae
504 1068 639 1144 celeres
665 1069 863 1158 eruut,seu
882 1095 961 1171 cop

90 1186 209 1267 giret,
235 1166 294 1243 seu
320 1166 436 1244 velit:
471 1188 601 1244 contra
627 1167 651 1241 ii
675 1166 818 1285 sanguis
843 1169 959 1249 lente·

91 1288 138 1342 ac
162 1261 355 1342 difficulter
378 1264 413 1341 se
438 1267 676 1366 circumagat,
697 1289 808 1349 ettam
825 1268 954 1370 pigre?

93 1363 199 1439 scunt
229 1367 340 1443 animi
377 1376 528 1452 motus,
566 1368 837 1467 cogitationes,
869 1370 941 1445 dcc.

94 1464 370 1560 Quare-omnes
392 1467 553 1565 corporis
575 1486 697 1564 partes
721 1466 791 1541 hac
817 1468 953 1543 circui·-

90 1563 204 1638 tione-
219 1565 432 1645 nutriuntut
464 1582 576 1663 atque
612 1560 802 1641 firmantur
819 1591 831 1637 a
852 1588 944 1664 'quae

88 1662 186 1737 tatio
219 1662 295 1752 est,
324 1687 393 1751 cur
419 1665 612 1763 ingruente
637 1663 766 1737 morbo
792 1661 944 1761 phlebo-

91 1762 210 1839 tomia
234 1763 466 1850 adhibeatur,
497 1782 563 1837 aut
588 1785 651 1862 per
676 1762 944 1839 meditamenta

90 1856 298 1937 afoecibus
320 1882 496 1956 purgetur
534 1860 703 1957 unguis,
738 1883 782 1935 ut
805 1858 941 1937 scilicet

42 2028 52 2039 ,
88 1958 201 2039 noxia
225 1953 324 2029 foras
347 1958 516 2031 mittatur
538 1960 714 2046 materia,
747 1958 940 2056 eidemque

86 2056 205 2231 {libere
228 2060 276 2129 in
305 2075 455 2131 omnem
491 2072 633 2153 partem
662 2054 807 2129 meandi
838 2056 942 2157 copie

114 2174 168 2235 at·
286 2194 289 2199 ·
339 2220 344 2237 ,
907 2190 932 2205 “·

426 2308 568 2419 ’ΧΝς
693 2330 696 2335 “
813 2414 817 2421 ,
1040 2430 1042 2434 λ

161 2454 217 2529 Ex
238 2454 295 2531 his
320 2452 423 2537 facile
446 2436 678 2555 patenuitae'
698 2450 878 2529 rationem
899 2451 942 2531 in

90 2552 215 2629 debita
232 2556 475 2650 ordinataque
499 2552 658 2653 partium
675 2552 844 2653 corporis
857 2548 947 2643 tum,

59 2680 63 2689 ·
88 2650 284 2731 solidarum
306 2673 386 2727 tum
412 2650 633 2739 fluidarum,
649 2650 946 2753 ‚praecipue-san·¹

116 2751 211 2826 uinis
237 2754 399 2827 motione
422 2749 620 2841 confidere.
670 2750 741 2825 Sed
765 2748 877 2825 modo
900 2749 972 2843 iu„

89 2776 203 2946 {ujus
228 2848 333 3021 ipfius
358 2853 529 2945 motionis
562 2844 717 2923 cauiiam
738 2849 786 2922 v&
809 2840 944 2954 priami·¹
979 2888 982 2894 ·

87 2949 193 3049 pium
218 2972 245 3022 u
261 2951 371 3025 terius
395 2950 446 3024 est
468 2948 736 3047 indagandum,
762 2947 949 3047 quainte

88 3070 166 3123 non
189 3049 296 3148 pauci
309 3097 326 3136 ‚-
353 3051 463 3131 etiam
492 3040 754 3123 honoratiffimi
777 3044 940 3137 Medici,

71 3144 210 3263 'uei'cio
233 3170 307 3247 quo
330 3144 571 3322 Pffiliisossbizae
597 3136 968 3317 diechanicae.spittft¹·}.
