2086 3682
361 125 623 248 Gtogrupltiu.
755 244 759 259 Ι
817 156 921 241 too

58 289 148 392 polo
176 288 384 389 respondet,
400 317 467 392 pto
495 292 818 394 septentrionalis:
834 316 924 391 pun·
973 290 976 295 ’

61 390 161 465 &um
191 414 306 477 veto,
333 395 432 491 quod
458 391 697 477 Antardlico,
722 416 790 492 pto
817 394 925 466 Meri·

60 489 218 565 dionalis
243 490 481 590 hemisphaerii
504 514 634 568 centro
660 490 790 564 fixerit.
833 491 925 565 Prat-

60 589 213 665 stantior
236 588 386 686 reliquis
411 593 582 666 omnibus
607 589 798 687 hucusque
817 613 923 665 exeo·

83 691 188 766 itatie
227 690 362 763 modus
398 692 594 765 exhibendi
627 691 779 789 globum
816 710 927 789 terre·

18 830 37 887 g
106 814 169 864 ern
197 789 344 862 duobus
380 791 418 864 in
444 790 702 890 hemisphaeriis
735 789 815 869 est,
851 810 925 888 quo

61 889 173 963 hodie
198 890 360 966 utimur.
387 893 528 990 quique
554 893 592 963 in
617 913 692 964 uno
718 892 925 986 Europam,

61 987 180 1063 Altam
220 987 258 1061 dt
291 986 478 1075 Africam,
508 993 545 1063 in
574 988 926 1065 alteronmericam

63 1085 263 1183 secundum
302 1085 573 1189 longitudinem
610 1111 654 1160 ac
693 1086 926 1159 latitudinem

62 1208 133 1260 una
158 1209 248 1259 cum
274 1186 494 1264 circumfuso
519 1189 689 1271 Oceano,
706 1187 743 1259 &
767 1187 928 1259 ambien-

63 1287 159 1359 tibus
185 1286 401 1383 AEquatoris
434 1289 473 1362 ὅ(
501 1287 694 1362 Meridiani
725 1283 870 1360 circulis
895 1281 929 1359 se

62 1406 198 1459 mutuo
244 1387 543 1486 contingentibus
580 1383 679 1461 reda
711 1386 827 1459 oculis
867 1404 930 1456 no·

12 1509 17 1516 ·
62 1482 139 1559 stris
166 1478 377 1585 spediundas
400 1486 547 1584 prabet.
593 1480 730 1561 'l’t'imae
748 1485 856 1578 hujus
874 1485 928 1556 in·
956 1508 963 1526 ·

62 1584 250 1658 ventionis
281 1583 362 1657 laus
398 1585 554 1659 debetur
595 1584 770 1671 Azraeli,
814 1584 930 1682 patria

63 1682 262 1757 Toletano.
326 1672 400 1758 Hit
426 1683 599 1785 ptaestans'
619 1686 929 1769 Mathematicus,

51 1781 153 1856 licet
175 1781 249 1877 jam
276 1782 373 1856 circa
395 1807 533 1860 annum
569 1790 656 1858 106
665 1805 711 1871 9.
737 1781 928 1869 floruerit,

63 1883 128 1957 ubi
155 1883 317 1958 tenebris
340 1884 556 1983 ignotantiae
581 1880 696 1955 altum
733 1881 855 1954 adhuc
880 1879 925 1953 se·
980 1968 982 1972 Ι

64 1980 171 2080 pulta
196 1977 268 2054 fuit
298 1987 467 2057 America
481 2033 492 2071 ,
518 2002 645 2056 tamen
670 1979 931 2067 Astronomiae‚

64 2104 139 2180 qua
163 2078 359 2167 excelluit,
384 2085 500 2156 tacito
525 2081 690 2181 quodam
715 2075 845 2166 doliu,
872 2101 931 2165 ac·
960 2166 964 2173 Ι

65 2181 226 2254 cedente
250 2181 324 2253 acti
351 2181 658 2265 ratiocinatione,
692 2180 843 2252 omnino
870 2175 929 2249 sibi

63 2275 274 2451 periculum
295 2280 426 2355 habuit
439 2327 452 2367 ,
480 2302 503 2353 o
531 2299 685 2368 uetere,
720 2295 765 2350 ut
797 2272 846 2349 sol
871 2297 941 2350 no·¹

89 2382 120 2453 is
141 2377 323 2452 occiduus
352 2379 431 2453 aliis
454 2381 493 2451 in
508 2401 547 2452 ra
601 2376 698 2453 olitis
723 2375 936 2452 hominibus

66 2477 238 2564 otiatur,
270 2474 429 2578 indeque
461 2477 557 2578 plan·
575 2478 682 2576 patria
714 2500 758 2550 ea
791 2478 936 2553 ratione

66 2572 213 2667 diyiht,
245 2595 290 2648 ut
314 2577 445 2651 oculus
468 2576 674 2677 aspicientis
700 2573 838 2650 filiatur
864 2577 936 2661 ibi,

66 2677 128 2751 uhi
152 2692 289 2751 mutuo
314 2674 418 2749 velut
441 2675 612 2775 amplexu
641 2675 711 2752 sele
737 2675 775 2748 in
800 2675 936 2770 AEqua·
1016 2686 1024 2696 “

67 2793 148 2852 tore
188 2773 412 2872 stringunt:
461 2794 573 2873 atque
605 2775 692 2849 hate
738 2774 939 2846 methodus

64 2870 242 2959 Aztaelis-
280 2897 302 2950 e
349 2875 524 2948 diuturna
572 2874 762 2951 oblivione
810 2873 933 2947 denuo

65 2968 253 3075 protrudit
305 2972 344 3047 in
380 2973 501 3048 lucem
551 2995 624 3073 pne
674 2969 823 3070 reliquis
871 2969 932 3067 pal

68 3096 167 3149 mam
218 3069 317 3146 tulit.
411 3074 607 3150 Vocantur
653 3093 779 3147 autem
831 3067 934 3162 Map-

69 3193 123 3275 pae
171 3169 478 3273 Geographictt,
519 3192 600 3275 quat
650 3170 755 3247 tetr‘ae
805 3166 934 3282 descri-
1008 3201 1011 3207 ,

130 3318 133 3323 ·
246 3302 250 3311 ·
462 3316 465 3325 ·
835 3288 932 3372 puo-
