2086 3682
242 140 596 277 Temptrommtom.
687 208 689 215 ·
793 176 843 251 t't
852 188 883 251 11

62 321 258 411 boleticum
275 342 606 419 temperamentum
621 342 759 409 nomen
771 320 875 409 suum

62 433 169 507 rtitut
193 457 214 506 a
239 422 333 527 χολὴ
348 438 372 509 ›'
387 454 468 533 quae
493 434 688 535 adpellatio
713 456 875 513 commu·

62 564 76 617 r
101 538 152 617 est
178 540 321 615 duobus
345 541 527 641 praecipue
542 541 771 631 humoribus,
786 558 876 641 quo·

62 660 103 715 m
136 638 253 728 uitet,
285 638 348 738 qui
373 636 511 714 calidus
537 639 577 715 ἃ
600 638 804 728 occurere,
830 636 876 715 ab

62 736 133 815 r'teo
172 737 295 813 colore
333 732 430 815 flora
459 736 540 813 bilis
576 734 739 828 dicitur,
776 739 876 815 unde

62 838 247 921 roiericum
265 857 597 937 temperamentum
619 840 758 915 oriturr
783 836 877 913 alter

62 940 88 1011 ri
122 936 274 1037 frigidus
312 934 525 1027 orietur,
561 938 734 1038 quonium
763 938 881 1038 nigre·

62 1035 154 1113 villae
179 1034 340 1111 colorem
364 1036 542 1127 imitatur,
562 1057 641 1112 atra
663 1035 743 1139 bilie
765 1060 875 1111 voca·

62 1142 109 1233 Γ,-
142 1158 164 1209 e
188 1158 261 1233 qua
284 1153 359 1208 tem
486 1155 615 1210 eorum
640 1133 875 1211 melancholi-

62 1258 109 1311 ιω
145 1236 200 1309 ori
227 1235 324 1307 ine'm
371 1256 456 1309 uam
488 1235 601 1312 ducit.
667 1232 877 1313 Generttur

62 1354 149 1425 rtem
180 1259 259 1407 biis
291 1333 329 1407 io
358 1335 517 1435 hepate,
550 1334 760 1436 ibidemque
790 1355 876 1407 cum

62 1434 195 1535 nguine
219 1430 399 1507 miscetur.
470 1434 557 1509 Pars
590 1434 669 1532 ejus
706 1442 792 1533 epta
825 1428 878 1507 est

62 1532 71 1607 Ι
94 1533 349 1618 nutriendum,
381 1532 554 1607 nimirum
577 1556 650 1623 ea,
684 1554 766 1631 quae
791 1554 878 1605 cum

62 1628 391 1733 nguine'miscetur
423 1631 462 1707 in
485 1634 608 1718 venis,
624 1666 627 1673 ·
642 1636 722 1705 t'um
748 1646 794 1703 ur
817 1628 879 1703 ille

62 1754 97 1805 ro
121 1730 236 1805 veluti
260 1728 433 1809 vehiculo
455 1731 686 1809 commodius
711 1748 881 1829 penetret

86 1853 200 1903 venas
225 1830 419 1920 exiliores,
458 1850 538 1906 tum
567 1849 611 1917 ut
648 1827 722 1905 alat
783 1849 879 1923 artes

62 1932 173 2004 rtutae'
189 1924 258 1997 suae
281 1919 426 2012 affines,
455 1928 530 1999 hoc
553 1927 634 2012 est,
672 1927 741 2000 cuii
768 1952 807 2001 ar
839 1926 889 2002 δι’·

62 2047 144 2103 τως.
204 2023 300 2097 Dein
325 2043 478 2097 munere
510 2021 573 2096 suo
599 2018 745 2109 fontia,
778 2026 891 2123 quod?¹

62 2124 208 2223 liquem
231 2120 303 2211 est,
336 2144 410 2197 ono
434 2142 521 2199 cum
545 2118 673 2205 sudore
697 2118 795 2217 fores
819 2146 883 2198 er.-

62 2222 127 2299 :uit
141 2246 206 2323 per
226 2230 348 2323 poros.
397 2217 524 2296 Altera
549 2232 633 2323 por's
656 2222 882 2297 exereirienti

62 2323 210 2399 roddam
243 2344 360 2423 genus
390 2319 459 2410 est,
495 2320 589 2395 ὅτι
619 2319 792 2420 sanguine
821 2342 881 2396 ex·

62 2428 185 2523 rt'gata·
212 2422 250 2497 in
274 2418 469 2499 veficulam
506 2416 587 2495 bilis
617 2420 731 2517 iecori
767 2418 882 2519 subje-

63 2544 144 2608 am,
177 2540 287 2621 atque
313 2520 397 2595 inde
423 2543 487 2618 per
505 2542 571 2619 pro
597 2522 691 2594 rium
716 2540 881 2597 meatum

62 2617 175 2697 rodeno
207 2620 380 2713 insertum
412 2621 450 2693 in
482 2619 559 2692 inte
592 2621 653 2711 'na
679 2618 904 2709 delabens,¹

62 2720 219 2821 rstquam
255 2715 441 2819 pituitofits
469 2714 579 2792 faecee
612 2718 656 2793 ab
680 2720 724 2794 iis
751 2718 880 2795 obstet-

62 2846 94 2910 :,
119 2819 244 2894 aivum
281 2816 440 2892 stimulat
466 2816 511 2890 ad
537 2816 738 2915 dejicienda
761 2843 869 2896 extre

62 2941 181 3006 enta,
224 2939 305 3016 quae
346 2915 409 2991 suo
445 2918 557 2993 etiem
594 2918 731 2999 colore..
761 2922 881 3020 tingit.

65 3018 267 3096 boleticum
293 3018 365 3090 hoc
390 3037 720 3117 temperamentum
743 3020 795 3093 ita
823 3021 884 3092 de·

62 3122 147 3222 ‚ogit
170 3116 291 3191 schola
310 3114 548 3193 Salernitana:
567 3119 645 3214 (g)
724 3120 757 3207 'x
823 3210 886 3309 Ea
954 3202 957 3207 ¹

109 3312 181 3399 (e)
218 3308 471 3403 comiti·
564 3316 567 3321 '
