2086 3682
224 178 533 277 Architetionicr
560 183 616 275 M
618 182 770 277 iiiiors‘s.
868 216 952 335 323

96 369 185 422 neas
207 345 282 443 jam
312 347 398 423 olim
415 340 554 424 diversa
577 350 724 450 quidem
744 349 875 440 forma,
892 377 952 428 eo·

98 447 181 520 dem
201 465 335 522 tamen.
352 446 416 522 usu
442 449 480 523 δι
505 446 579 522 fine
605 447 725 525 castris
748 451 953 526 circumdu-

97 542 172 621 bias
197 543 318 632 fuisse,
346 544 519 646 dispofitis
543 571 609 646 per
633 546 825 625 intervalla
846 552 951 626 turri·

95 643 183 732 bus,
211 663 255 717 ut
275 648 478 720 nuncvarii
499 649 641 748 generis
654 648 855 722 minoribus
869 672 950 724 mu·

94 744 279 819 nitionum
308 745 513 843 operibus?
580 744 688 822 Fofsae
715 745 951 825 obfidionales

94 844 163 917 orvi
181 844 394 918 recentioris
406 844 599 921 inventum
620 845 720 933 sunt,
744 871 858 946 quum
876 848 952 922 Ve-

93 961 193 1019 teres
212 943 372 1017 cratibus
398 941 511 1031 ιεᾶἰ,
547 962 613 1019 aut
635 943 872 1020 testudinibus
897 946 953 1020 in·

93 1040 201 1129 eluit,
224 1039 286 1117 vel
302 1040 460 1116 turribus
487 1041 643 1143 impofiti
660 1044 723 1119 via
744 1044 852 1143 plana
872 1067 952 1119 mu·

92 1142 143 1217 ris
174 1141 532 1241 adpropinquarent:
567 1142 724 1240 parietes
755 1162 878 1218 tamen
910 1142 952 1221 lie

92 1239 178 1341 gnei
212 1262 297 1313 cum
326 1240 485 1316 cratibus
515 1239 712 1339 &pluteis
748 1241 963 1342 comparari

91 1340 226 1414 merito
256 1338 411 1438 poffunt.
487 1338 682 1513 Suggestus
726 1340 764 1417 ἃ
797 1363 952 1442 aggeres

65 1438 68 1443 ’
92 1444 289 1513 tormentis
317 1437 461 1521 bellich
484 1463 559 1514 onu
591 1443 602 1513 i
635 1444 794 1516 maxime
824 1438 952 1517 affines

92 1538 176 1613 sunt
227 1535 400 1611 riscorum
433 1539 618 1623 turribus,
650 1538 732 1613 urbi
765 1542 948 1617 machina·

90 1660 174 1713 rum
201 1562 398 1711 iacentium
414 1659 486 1736 ope
507 1637 679 1725 admotis,
704 1640 876 1737 equibus
896 1639 951 1713 di·

92 1731 197 1812 verso
215 1731 397 1810 miffilium
420 1760 553 1835 genere
569 1734 724 1834 dispofiti
741 1760 806 1837 per
824 1760 953 1815 muros

48 1936 52 1949 „
92 1830 291 1937 praefidiarii
312 1835 445 1909 milites
464 1828 736 1911 incessebamur.
858 1872 862 1877 ·

153 2012 329 2095 ,Alteram
356 2006 500 2084 classem
527 2033 711 2111 occupant
742 2036 798 2098 ea,
817 2012 950 2112 quibus¹

91 2112 231 2197 muenia
262 2111 301 2185 ἃ
323 2106 434 2183 hostis
455 2109 679 2207 impetitur:
728 2106 846 2190 forma
873 2111 950 2210 qui⁴

91 2212 177 2293 dem
204 2209 403 2294 historia,
429 2206 488 2283 sed
513 2201 679 2289 officium
697 2206 820 2293 idem,
850 2232 952 2283 nem·
998 2258 1003 2271 ι

161 2329 207 2385 ut
227 2310 239 2382 i
266 2331 349 2384 nem
372 2326 561 2383 evomant.
633 2302 857 2382 Tomentum
882 2298 951 2382 bele·

104 2416 201 2505 scum
223 2332 274 2482 eb
299 2407 489 2495 machina,
520 2428 600 2506 quae
630 2406 760 2507 globos
787 2406 949 2496 ferreos,

90 2508 284 2611 plumbeos
337 2506 375 2580 ὅ(
408 2504 545 2606 lapides
577 2506 616 2580 vi
639 2504 815 2605 ‘pulveris
856 2507 951 2608 pyrii

90 2603 324 2703 eiaculaturs
355 2603 540 2683 diverfitas
569 2627 697 2679 eorum
720 2630 741 2680 e
762 2606 949 2682 diametris

89 2705 322 2785 &librarum
346 2704 527 2802 pondere,
551 2726 625 2801 quo
646 2700 745 2803 globi
792 2704 950 2791 audent,

89 2804 311 2907 colligiturr
346 2804 505 2899 maxima
541 2822 724 2877 vocantur
765 2728 949 2889 ganono,

86 2906 233 2981 minora
274 2894 501 2987 colubrina,
531 2901 694 2983 ¹minima
739 2898 949 2999 campestria

88 3004 150 3081 seu
200 2994 388 3077 castrensia
433 2996 700 3100 Serpentineuae.
781 2999 954 3091 Alterum

86 3100 217 3179 martis
241 3096 468 3174 fulminantis
495 3122 611 3199 genus
650 3095 702 3173 est
733 3098 949 3173 mortarium

88 3200 339 3305 ignivomum.
372 3198 542 3273 machina
581 3195 663 3271 sane
692 3192 945 3283 formidanda,

128 3302 670 3397 „umuornum'sntm1x.
704 3332 707 3337 >
757 3288 797 3368 X
867 3312 947 3394 quae
