2086 3682
369 168 627 284 Astronomia.
735 213 740 221 ·
870 202 962 294 377„

98 334 282 440 precipue
305 357 386 435 quae
410 334 579 411 aditum
607 358 734 411 eorum
751 339 955 439 pertinent,

99 435 315 535 'explicanda
333 454 412 508 tum
430 458 495 537 per
514 434 763 526 definitiones,
789 458 868 511 tum
891 462 956 539 per

98 532 348 639 problemata,
371 533 504 611 scilicet
518 532 631 609 locam
639 536 746 627 stella
760 531 955 637 phyficum,

91 632 471 735 parillaximaspellus
486 630 655 728 diversos,
670 632 955 724 declinationem,

97 730 367 835 longitudinm,
382 731 620 820 latitudinem,
630 732 866 821 altitudinem,
880 738 959 809 ani·

97 826 270 918 melem,
281 830 577 919 culminationem‚
584 830 852 933 amplitudinem
866 836 957 910 orti·

98 952 183 1005 vam
195 926 246 1007 ’ἔθ’
258 928 452 1016 occiduam,
471 929 742 1033 elongationem,
767 950 887 1007 ortam
908 932 956 1011 δ”·

97 1027 269 1123 occasum,
280 1027 547 1104 meditationem
562 1028 718 1124 cali‚sen
734 1030 958 1127 ascenfionem

97 1130 228 1203 milam
243 1129 302 1205 vel
316 1124 489 1230 obliquam
502 1128 708 1218 stellmdn’c.
731 1136 816 1230 quae*
829 1152 955 1208 tamen

96 1228 171 1305 fine
185 1226 255 1328 ipsa
271 1227 370 1328 globi
390 1227 606 1303 undatione
629 1228 757 1305 frustra
771 1230 956 1307 declaran-

96 1344 252 1419 tur,nec
266 1329 358 1402 bene
373 1326 502 1403 addisci
524 1326 678 1426 poliunt.
732 1328 858 1429 Quare
873 1352 955 1431 gras

96 1428 188 1501 dum
203 1424 380 1501 faciamus
399 1429 444 1503 ad
457 1446 601 1502 motum
620 1428 896 1527 explicandum,
914 1431 954 1506 δε

96 1527 247 1627 quidem
261 1526 384 1615 ilium,
411 1528 457 1603 de
482 1549 560 1626 quo
580 1526 685 1600 stellae
708 1552 835 1603 omnes
853 1548 955 1605 certa

96 1624 180 1727 iege
202 1629 436 1726 paiticipant,
462 1626 599 1727 quique
624 1624 764 1705 cundia
788 1648 955 1705 commu·

95 1726 154 1801 nis
178 1722 249 1800 elie
274 1723 374 1801 solet.
503 1744 506 1749 ’

476 1872 591 1947 Lxu.

100 2064 103 2071 ,
173 2002 313 2095 Motus
338 2003 493 2121 primns
525 2004 687 2133 omnium
715 2002 884 2112 fidenam

378 2132 381 2137 '
429 2140 631 2194 communes.
710 2206 718 2225 .

163 2250 347 2337 Centrum
365 2251 472 2352 primi
494 2248 604 2346 hujus
629 2269 766 2338 motus,
781 2273 856 2351 quo
874 2248 954 2327 uni-

94 2348 221 2429 versus
247 2350 398 2425 fiderum
418 2352 553 2425 chorus
578 2351 623 2427 ab
641 2352 782 2427 oriente
799 2352 837 2424 in
856 2350 954 2426 occi·

95 2453 246 2539 dentem
271 2453 413 2551 magnis
439 2446 593 2547 paffibus
612 2452 740 2539 tendit,
754 2448 805 2526 est
822 2444 953 2525 oculus

96 2544 309 2653 lpedlatoris
339 2551 376 2623 in
401 2548 540 2623 telluris
575 2549 757 2651 superficie
782 2548 955 2644 constitu·

94 2668 166 2725 tus.
244 2650 373 2745 Qum
399 2651 495 2723 enim
522 2668 618 2723 terra
647 2644 845 2723 vastiffimae
875 2647 952 2725 caeli

93 2746 274 2825 machinae
313 2768 530 2847 comparata*
558 2744 734 2847 puniium
773 2748 952 2822 duntaxat

94 2846 164 2925 elie
184 2846 366 2933 videatur,
380 2869 449 2922 nec
463 2844 574 2919 ullam
590 2847 634 2919 ad
649 2845 848 2945 superiores
864 2868 953 2943 quo·

94 2971 167 3049 que
181 2944 349 3049 planetas
367 2944 518 3019 senibus
534 2946 729 3019 obnoxiam
750 2946 953 3043 proportio·

84 3070 180 3129 ,nem
195 3046 355 3131 habeat,
381 3067 508 3143 parurn
522 3041 653 3131 refert,
677 3042 748 3117 sive
765 3064 811 3116 ex
824 3062 953 3118 centro

86 3144 169 3224 live
194 3168 242 3221 ex
267 3143 408 3219 telluris
430 3138 615 3241 superficie
650 3142 801 3215 siderum
831 3144 953 3217 motui

94 3243 321 3352 invigiletur.
373 3242 490 3415 Poer
498 3242 573 3313 axis
588 3240 694 3339 primi
707 3258 832 3329 motos
846 3239 953 3317 estii-

516 3365 536 3414 ἃ
559 3359 583 3435 4
882 3362 953 3419 noa
