2086 3682
235 147 546 247 Arrlu'tciiooico
578 150 634 240 M
636 151 790 267 ilitoris,
884 179 969 270 297

105 317 155 389 tie
180 316 358 389 methodo
388 315 604 414 Paganianae
638 313 970 404 aRuiiensseinio,

103 413 324 502 Biondelio,
351 412 520 511 aliisque.
579 413 694 489 Certe
719 411 904 514 otioginta
929 415 969 513 dr

104 512 262 613 amplius
288 511 376 586 alias
400 510 627 588 diversorum
651 511 857 589 ,indorum
892 516 969 592 me'·

104 613 238 687 rhodos
275 632 468 686 enumerat
484 610 770 711 Christophorus
782 614 968 691 sturmius

103 705 409 785 inArchitediura
431 709 577 785 militari
600 709 838 787 &Eclefflca
888 711 968 789 Pal·

103 832 202 885 manr
230 829 354 884 tamen
390 808 606 908 praeripuiffe
636 812 785 885 videtur
814 808 894 885 aliis
926 813 967 888 in

102 909 281 985 methodo
319 906 449 1007 gallica
483 904 684 984 notiffimus
719 910 964 999 Vaubanius,

101 1008 206 1102 cujus
235 1006 392 1081 formam
416 1009 618 1096 muniendi,
645 1007 737 1083 licet
754 1007 827 1107 ipse
849 1009 964 1085 literis

58 1130 61 1135 ·
100 1130 172 1182 non
197 1107 418 1206 prodiderit,
454 1106 697 1205 prodiderunt
726 1107 764 1182 δε
814 1106 962 1184 eculiari

98 1202 255 1282 tradiatu
298 1202 521 1279 illustrarunt
568 1204 669 1279 Abte
707 1203 757 1280 d'u
788 1131 889 1306 gay,
922 1207 964 1283 δι

96 1302 131 1379 le
163 1305 367 1381 Chevalier
395 1296 453 1379 'de
485 1303 683 1405 Cambray.
746 1305 963 1405 ,Utriusque

95 1403 207 1498 huius
230 1402 400 1477 methodi
425 1403 483 1478 vis
509 1404 631 1498 omnis
656 1404 695 1479 dr
718 1404 830 1479 robur
854 1407 962 1483 ineo

95 1500 267 1588 consistit,
281 1503 380 1600 quod
397 1501 537 1575 nullum
554 1502 614 1577 vei
635 1503 828 1578 minimum
842 1506 964 1581 muni·

94 1601 212 1677 menti
254 1599 408 1700 spatium
442 1599 658 1681 defentionis
692 1625 822 1702 expers
851 1601 958 1679 telin·

95 1717 216 1797 quat,
254 1723 370 1800 quum
397 1722 527 1776 omnes
552 1700 649 1775 illius
670 1721 793 1801 partes
818 1702 871 1776 ita
896 1726 961 1778 co·
1011 1772 1015 1777 .

93 1799 278 1888 haereant,
306 1799 479 1888 cortina,
501 1797 634 1891 facies,
660 1799 724 1875 alae
748 1825 959 1904 propugno·

94 1893 262 1972 culorum
288 1917 333 1970 ut
355 1922 428 1973 una
461 1921 544 1998 pars
567 1897 748 2070 splppetias
777 1897 871 1977 ferat
907 1900 960 1977 al·

94 1995 168 2069 teri
189 1994 381 2083 laboranti,
409 2019 452 2087 ac
478 1997 579 2069 brevi
621 2020 718 2070 marn
742 1997 804 2071 ubi
831 2021 878 2074 ue
893 2001 958 2087 de,
1031 2088 1035 2097 ι

90 2092 260 2171 senionis
285 2096 386 2170 viam
412 2088 578 2166 ferietur.
629 2092 686 2167 Est
698 2022 860 2192 profeao
873 2120 958 2173 rnu-

90 2194 298 2269 nirnenturn
328 2192 539 2286 ejusmodi,
566 2214 639 2289 qua
662 2188 735 2265 late
758 2211 863 2291 pater
887 2192 956 2269 cin

92 2293 199 2371 cuit‘u
223 2291 314 2379 suo,
329 2291 547 2365 simillimum
575 2290 756 2376 erinaceo,
782 2291 845 2389 qui
868 2314 955 2392 qua·
997 2326 1000 2334 ·

90 2404 241 2492 cunque
273 2386 319 2464 e'x
351 2410 455 2491 parte
486 2389 601 2490 ipiurn
638 2390 812 2465 invadere
844 2413 956 2467 cone·

88 2492 160 2580 ris,
184 2488 259 2564 tela
285 2489 345 2563 sua
367 2489 512 2586 objicit,
551 2489 821 2588 iisque==manus
844 2487 957 2571 hosti·

78 2586 143 2667 ,leo
166 2608 270 2665 arcet
295 2613 317 2661 a
342 2606 495 2689 corpore
517 2585 592 2663 suo.
783 2612 786 2617 ·

133 2783 334 2886 Designato
348 2784 417 2858 rite
432 2776 779 2900 &adertisregulas
790 2774 948 2859 constru-

88 2882 148 2963 rto
162 2885 409 2970 munimento,
421 2902 600 2982 quantum
612 2882 755 2957 adtinet
774 2882 821 2957 ad
837 2904 950 2980 opera

86 2986 275 3071 interiora,
293 2980 426 3069 eadem
447 2981 508 3056 via
523 2982 562 3055 δι
587 2978 774 3081 diligentia
797 3003 951 3081 pergen.

49 3084 175 3176 ,duna
201 3078 324 3158 estad
349 3080 539 3155 exteriora.
561 3096 563 3101 ·
601 3079 699 3154 Nam
724 3078 948 3176 experientia

87 3182 218 3263 docuit
239 3176 419 3271 roseros,
450 3178 681 3349 opprimente
713 3174 797 3258 solis
828 3178 946 3347 oppri-

131 3336 134 3341 .
526 3298 553 3373 4
692 3337 695 3341 ,
901 3293 946 3357 us
