2086 3682
198 122 251 228 δ’
272 124 504 245 Genealogio
525 125 739 221 Medicinoe.
856 156 919 253 η,

56 296 421 383 tur,accommodare
437 292 602 367 solerent.
652 296 759 369 Unde
780 286 919 373 fadum

55 394 127 481 est,
151 415 195 468 ut
216 394 346 493 Assyrii
366 402 536 493 agrotos'
556 390 636 466 suos
665 392 702 467 in
726 393 854 494 plateis
877 392 926 471 dr

54 490 126 569 riis
141 491 296 593 publicis
318 491 436 593 palam
455 512 704 591 exponerent,
732 516 752 566 a
773 514 920 593 prater·

56 593 229 683 euptibus
251 594 512 689 exquirentes,
542 614 589 664 au
616 589 746 665 scirent
769 590 930 689 aliquod'

56 692 176 783 morbi
201 686 432 779 remedium3
455 709 608 787 eratque
633 688 722 764 telle
740 692 921 767 Strabone

56 790 137 885 (n)
164 792 261 890 apud
287 812 352 863 eos
384 784 466 889 lege
488 809 669 875 cautum,
696 792 826 887 utqui
855 786 920 864 ali-

58 890 207 987 quando
242 888 491 989 agrotallent,
518 885 608 961 alios
627 880 757 961 afflitta
778 886 924 962 valetu-

58 989 144 1061 dine
191 986 362 1061 rostraros
387 987 642 1067 circumirent,
668 986 922 1085 docerentque

59 1012 240 1186 fingullrs,
273 1108 346 1185 qua
365 1078 428 1184 ipst
454 1108 526 1183 ope
548 1078 774 1185 potillimum
802 1086 923 1181 adjuti

60 1183 208 1286 depulso
225 1186 298 1261 hoc
323 1183 382 1258 vel
400 1181 467 1258 ilio
490 1184 608 1260 morbi
653 1207 762 1259 enere
781 1183 924 1259 incolu-

60 1306 141 1359 mes
167 1280 357 1358 evaserint.
412 1286 538 1381 Atque
555 1280 607 1357 ita
628 1209 834 1383 lrequentis
857 1306 924 1359 ex·

61 1380 245 1483 perientiae
275 1378 410 1457 auxilio
447 1382 565 1457 multa
598 1386 760 1459 remedia
788 1380 849 1457 vel
881 1384 923 1459 in

61 1502 209 1568 eorum,
233 1484 295 1580 qui
319 1480 606 1567 convaluerunt,
627 1482 748 1555 autin
773 1482 943 1580 propin·x

60 1602 219 1679 quorum
257 1581 295 1654 δι
324 1578 602 1655 necellariorum
623 1580 827 1669 memoria,
860 1572 926 1654 vel
985 1628 990 1649 .

61 1680 173 1757 etiam
192 1678 474 1779 in-templorum
499 1677 610 1753 tholis
636 1678 714 1775 ejus
738 1678 837 1775 Dei,
858 1678 927 1779 qui

16 1862 19 1866 μ
60 1778 276 1879 imploratus
306 1778 455 1854 lalutem
487 1774 644 1852 attulille
679 1778 925 1865 credebatur,

61 1876 194 1951 tabulis
213 1874 320 1947 incisa
335 1896 446 1973 atque
461 1875 619 1972 suspensa
634 1876 822 1974 paullatim
844 1876 928 1951 lire·

60 1994 148 2056 runt
177 1966 348 2055 collecta,
370 1972 409 2045 br
437 1972 482 2043 ab
503 1970 749 2138 Hippocrate,
776 1990 821 2045 ut
854 1970 931 2045 rra·¹

61 2074 118 2149 dir
150 2066 392 2155 Aristoteles,
436 2066 482 2142 ad
521 2088 570 2167 po
601 2084 683 2142 etos
713 2067 929 2145 transmiffa.

60 2170 149 2249 Hoc
163 2171 276 2270 igitur
302 2167 531 2243 Medicorum
557 2188 693 2267 genus,
715 2168 777 2266 qui
807 2184 929 2243 artem

24 2302 26 2309 ·
61 2262 235 2347 medendi
264 2268 302 2342 in
332 2262 406 2345 sola
434 2262 665 2341 collocabant
683 2266 934 2365 experientia,

58 2370 112 2445 de
133 2368 275 2469 origine
299 2386 343 2443 ac
369 2362 532 2443 fontibus
558 2364 770 2439 morborum
795 2383 928 2465 parum

65 2460 194 2545 soliciti
210 2469 226 2556 (
239 2465 407 2564 quamvis
425 2462 616 2541 evidentes
631 2481 760 2539 eorum
775 2460 929 2554 caussas,

63 2564 126 2641 uti
138 2561 275 2667 frigus,
298 2562 468 2647 calorem,
485 2560 643 2649 famem,
666 2559 780 2646 fitim,
797 2563 930 2639 intern-

63 2667 290 2767 perrntiam,
313 2664 496 2760 animique
516 2656 752 2749 affectiones,
779 2684 853 2735 non
871 2684 929 2734 re·

64 2759 299 2865 pudiarent).
324 2752 506 2863 Ermirici.
525 2758 758 2846 dicebantur,
787 2776 861 2832 nou
883 2759 930 2831 ab

64 2860 358 2956 ln'ventoribur,
396 2866 454 2943 sed
489 2850 568 2943 rirri
616 2858 677 2951 tiit
716 2853 897 2963 ἐμπειρίας
915 2902 935 2949 2,

64 2977 105 3055 ld
121 2976 205 3067 cll,
242 2978 287 3051 ab
310 2974 544 3075 experientia.
602 2975 727 3073 Atque
747 2972 856 3070 hujus
865 2968 934 3143 gez-

185 3168 255 3249 (n)
284 3160 355 3257 tu.
370 3158 420 3236 16.

107 3255 627 3354 &amorravortarml-rnll.
780 3238 810 3321 Β
932 3256 936 3263 ’
