2086 3682
131 143 218 233 344
459 111 586 231 Caput
625 109 725 211 VII..

131 302 220 354 num
250 277 398 369 Dresdae
425 298 468 349 ac
482 273 644 351 cassellis
668 273 844 349 visuntur.
898 277 987 351 Cet.-

132 399 171 455 te
198 377 323 453 Guido
358 373 607 461 Pancirollns,
641 375 705 473 qui
731 375 825 449 circa
851 396 986 448 annum

136 498 265 572 1570.
291 475 402 549 libros
428 472 509 549 suos
540 475 586 548 de
611 474 720 548 rebus
746 470 988 547 memorabili·

134 572 401 651 businiucem
428 572 560 647 edidit:
598 572 672 666 (k)
717 620 744 660 ,‚
761 573 895 659 Hodie,
914 572 987 659 ait,

132 672 367 773 „horologia
391 674 444 746 ita
467 670 727 761 deierantur,
761 690 803 745 ut
828 694 990 772 quave·

133 772 217 864 „lis
250 773 341 847 hora
372 791 409 845 te
442 772 624 854 excitent.
656 772 903 867 inventusque
936 767 989 845 est

131 870 484 963 „conficiendorum
526 869 675 944 istorum
726 870 894 957 modus,
929 889 987 943 ut

131 973 285 1059 „etiam
325 971 462 1068 absque
508 967 697 1043 libramine
733 961 890 1068 appenso
925 966 983 1042 vei

89 1072 94 1078 ’
129 1070 209 1158 „in
231 1067 494 1166 mensnponi,
533 1067 592 1141 vel
626 1068 665 1141 in
688 1066 785 1142 coilo
821 1064 984 1165 suspendi

130 1215 155 1257 ‚,
196 1163 323 1255 offint,
358 1164 539 1267 amygdali
570 1163 678 1241 instar
707 1165 768 1242 vel
804 1167 909 1243 aliter
933 1164 987 1241 ef·

129 1192 353 1355 „Poimataz
386 1267 550 1365 quaedam
583 1267 694 1340 etiam
732 1265 827 1340 iunae
852 1265 986 1341 statum

127 1412 155 1454 ,‚
169 1366 206 1440 in
231 1365 329 1440 coelo
355 1389 394 1439 re
421 1363 620 1457 rusentane,
679 1367 811 1465 Neque
835 1366 892 1439 his
914 1382 985 1439 ten-

127 1491 154 1553 e,
170 1465 276 1545 minis
315 1488 384 1540 con
418 1464 476 1537 ‘tit
512 1463 725 1546 ‚humanum
768 1465 984 1565 ingenium:

125 1564 286 1652 „audIo
312 1561 460 1654 Caroio¹
484 1562 533 1635 V.
563 1562 797 1664 horologium
836 1589 857 1637 a
892 1564 986 1639 Cro.

125 1708 156 1750 „
167 1662 328 1737 monensi
350 1662 473 1763 aliquo
509 1658 687 1735 donatum
712 1660 813 1737 fuiffe
827 1708 841 1751 ‚
883 1663 985 1762 q'uod

124 1805 153 1850 ,‚
170 1762 325 1839 univerfi
367 1760 452 1839 coeii
495 1760 703 1837 machinam
741 1784 825 1837 cum
865 1763 984 1837 omni„

91 1872 97 1891 *
124 1906 149 1947 ‚‚
164 1862 247 1935 bus·
262 1860 369 1935 stellis
398 1858 618 1935 firmamenti
648 1858 983 1963 complodentur:

123 1960 331 2059 „itemque
354 1982 448 2043 ¹cum
482 1957 616 2058 ignis,
655 1984 736 2059 quae
766 1984 840 2034 non
877 1958 985 2035 aliter,

121 2078 281 2159 „atque
305 2060 343 2133 in
368 2059 466 2137 eoelo
493 2062 820 2162 circumgyrantur.
832 2105 860 2149 „
890 2060 983 2134 Haec

121 2156 168 2231 de
193 2157 470 2259 horologiorum
494 2157 625 2260 geneii.

192 2335 282 2421 Non
305 2335 427 2410 minor
451 2334 601 2427 inventi·
626 2334 715 2408 novi
738 2333 856 2434 gioria
879 2331 982 2411 cessit

117 2428 189 2519 illi,
215 2432 278 2531 qui
303 2435 442 2532 primus
469 2436 565 2509 circa
590 2430 700 2507 finem
725 2434 810 2535 anni
850 2445 978 2524 1609.

118 2528 158 2605 ἂ
183 2552 240 2605 10.
274 2532 377 2629 Jovis
404 2534 573 2611 Comites
597 2530 738 2607 detexit
762 2532 897 2627 auxilio
919 2555 981 2609 tu·

117 2626 155 2701 bi
180 2628 322 2728 optici,
357 2624 501 2734 qualem
534 2629 699 2713 nonnulii
725 2630 824 2708 fuisse
850 2635 979 2732 praedi·

116 2746 204 2819 cant
236 2730 421 2827 Simonem
460 2730 656 2825 Mayerum
693 2730 753 2805 ieu
785 2733 977 2824 Marium,

116 2823 389 2909 Guntzenhufii.
405 2826 443 2901 in
458 2826 657 2905 Franconia
682 2851 824 2904 natum.
876 2834 977 2907 Nam

58 2936 61 2945 “
114 2946 233 3023 quum
256 2924 359 3005 more
383 2922 446 2999 suo
474 2924 513 2999 in
531 2923 554 2997 s
569 2928 675 3002 ecula
699 2928 869 3004 sideribus
889 2954 978 3007 con·

114 3023 333 3127 templandis
355 3046 504 3123 operam
531 2951 660 3115 (Erec,
688 3031 848 3128 primum
876 3029 975 3113 obla·

913 3149 976 3205 tus

195 3251 266 3337 (k)
291 3228 428 3321 oartjz.
461 3253 510 3319 tit.
522 3275 571 3321 10.
