2086 3682
136 126 222 225 184
298 104 455 225 ...Grput
493 102 587 196 VIL
618 101 859 225 Adjumrrrtu

131 299 174 351 ro
203 295 276 345 non
297 290 511 370 tantopere,
525 291 580 343 ut
605 267 781 359 sanatur,
803 291 870 367 per
895 267 990 368 phie-

132 372 337 447 botomiam
369 367 548 445 debilitari
582 391 715 468 corpus
747 366 922 454 censent,
954 388 993 443 ut

131 494 210 544 non
243 470 347 543 brevi
378 469 475 543 vires
508 466 638 543 amiiiae
673 484 919 568 reparentur3
959 467 993 543 ἃ

162 568 284 641 uidem
311 568 348 640 in
374 567 526 641 homine
550 568 715 641 ciborum
740 584 942 665 appetente
954 588 994 641 ac

132 594 239 743 ionis
266 664 441 741 stomachi
468 668 562 739 intra
585 688 720 764 paucas
745 666 866 739 boran
901 665 992 761 Quia

133 766 281 867 ignorat
313 788 455 839 morem
489 763 682 840 Gallorum
718 764 756 837 &
788 761 990 851 Italorum,

134 866 199 963 qui
246 862 369 937 calidis
410 865 448 937 in
476 862 636 951 febribus
671 862 766 937 intra
804 864 993 938 modicum

31 980 34 985 ·
134 965 315 1060 temporis
340 960 493 1058 spatium
519 963 682 1062 quinque
707 982 773 1036 aut
791 961 929 1062 septem
944 962 992 1035 vi·

135 1061 240 1135 cibus
266 1060 476 1159 sanguinem
502 1059 598 1136 foras
626 1062 803 1136 mittunt?
829 1064 918 1162 quin
956 1084 993 1135 o·

134 1162 210 1235 tius
248 1160 418 1234 videmur
448 1158 555 1247 iilos,
594 1162 657 1259 qui
712 1159 855 1238 iethora
894 1085 993 1235 laio-

134 1278 232 1343 rant,
249 1257 414 1335 laborare
429 1258 574 1358 ¹pariter
598 1280 641 1334 ut
664 1185 862 1361 piurimum
883 1282 994 1334 mern·

133 1356 286 1431 brorum
312 1356 350 1433 δι
376 1359 509 1433 virium
533 1356 739 1443 debilitate,
765 1381 839 1457 qua
870 1380 994 1435 tamen

134 1452 255 1532 subito
283 1480 348 1556 per
371 1456 647 1557 pbebotomiam
660 1454 871 1533 liberantur.
898 1458 992 1533 Dein

133 1579 212 1633 non
237 1558 330 1631 adeo
354 1556 493 1632 multos
518 1555 763 1656 estreperire‚
779 1558 841 1657 qui
862 1556 993 1655 absque

134 1653 212 1728 ulla
238 1656 475 1754 phebotomia
508 1676 663 1731 utuntur
697 1657 794 1732 bona
824 1656 862 1731 ὅ(
883 1655 994 1755 ionga

132 1751 359 1838 valetudine,
384 1752 539 1850 suntque
565 1752 616 1828 iili
643 1752 779 1842 solum,
804 1755 867 1854 qui
891 1755 994 1830 vela

132 1852 346 1953 parentibus
370 1852 563 1953 egregium
601 1852 639 1927 &
671 1858 921 1955 undequaque
944 1853 992 1925 ia·

68 1991 71 1995 ·
131 1972 224 2023 num
258 1970 612 2050 temperamentum,
648 1952 736 2026 dum
769 1954 888 2052 primo
920 1950 993 2027 for·

131 2050 341 2135 mabuntur,
366 2072 604 2150 acceperunt,
633 2052 732 2150 quod
755 2053 882 2151 paucis
907 2075 993 2126 con·

132 2148 264 2246 tingit,
293 2147 352 2224 vei
379 2152 444 2247 qui
470 2174 535 2250 per
557 2170 743 2224 acuratam
770 2153 916 2225 diaetam
949 2150 992 2223 ab

131 2243 333 2322 humorum
360 2246 518 2349 maligna
542 2250 578 2323 vi
606 2249 887 2329 &abundantia
917 2247 991 2323 soii·

132 2345 206 2420 cite
233 2344 292 2423 fibi
317 2367 451 2422 cavent
475 2347 538 2441 (ἃ
568 2369 662 2446 quot
685 2348 767 2422 sunt
791 2347 875 2424 isti?
893 2351 909 2444 )
928 2367 991 2423 aut

131 2447 196 2542 qui
225 2446 407 2519 continuis
433 2444 614 2521 laboribus
640 2450 811 2546 occupati
837 2471 903 2546 per
934 2471 990 2521 co·

130 2542 274 2645 piosum
302 2544 468 2618 sudorem
493 2547 690 2635 emittunt,
715 2548 815 2647 quod
842 2545 903 2621 aiii
928 2568 989 2644 pet

130 2666 266 2725 venam
294 2663 469 2745 apertam.
535 2646 703 2746 Denique
728 2670 805 2720 non
831 2644 915 2718 satis
941 2643 988 2720 est

129 2745 325 2844 inquiunt,
357 2741 564 2844 sanguinem
588 2743 657 2821 effe
681 2747 847 2835 bonum3
884 2767 987 2841 opor-

128 2863 187 2921 tet
212 2847 322 2918 etiam
356 2862 400 2917 ut
438 2867 512 2917 non
545 2842 586 2917 fit
611 2845 764 2929 nimius,
798 2868 845 2919 nt·
871 2841 985 2916 malus

130 2941 206 3041 fiat.
259 2945 344 3019 Duo
370 2943 466 3025 enim
493 2941 595 3027 sunt,
626 2965 705 3043 quae
731 2944 776 3017 ad
802 2942 888 3016 boni
916 2939 984 3014 san·

129 3043 249 3216 {uinis
274 3041 434 3117 indolem
459 3043 668 3140 requirunt,
694 3042 854 3159 primum
882 3059 929 3114 ut
950 3036 983 3110 fit

158 3142 276 3231 uiuus,
299 3164 437 3241 purus,
463 3144 501 3217 δι
524 3140 628 3219 dives
654 3140 873 3245 spirituum:
901 3137 980 3214 alte·
1032 3164 1035 3201 :

905 3256 978 3313 rum
1031 3304 1034 3317 .
