2086 3682
180 149 525 247 Voriomorborum
534 180 688 265 genero.
792 176 879 272 207

59 320 140 397 sliat
155 316 339 421 panniculi
357 341 379 390 e
399 315 543 392 venulis
560 316 719 390 cruentis
730 314 768 391 &
780 319 882 393 exili·

59 440 100 495 us
116 416 378 519 capillamentis
393 416 570 502 contexti,
594 436 706 513 atque
724 417 769 489 ab
783 418 882 493 oculi

59 519 166 621 ngulo
188 517 326 611 majore
349 515 481 589 tunicae
506 515 647 589 adnatat
674 514 880 606 adherens,

59 620 223 717 riturque
244 637 324 691 tum
343 640 366 690 a
387 612 567 713 sanguinis
593 632 673 688 tum
688 610 881 716 alymphae

59 719 124 793 itio
145 717 306 816 superius
322 733 540 790 memorato.

108 846 274 923 Surditas
293 846 345 924 est
365 847 513 922 morbus
542 846 705 933 aurium,
735 846 882 945 quando

59 946 201 1025 odiendi
215 946 370 1023 facultas
387 945 465 1049 plus
480 944 539 1021 vel
553 946 688 1035 minus,
704 967 770 1021 aut
783 948 883 1047 peni·

59 1032 885 1145 rsaboleturrundequosdamsurdastrosalios

59 1150 182 1223 mnino
199 1144 322 1221 surdos
334 1146 500 1220 dicimus.
521 1220 526 1229 ,
546 1145 682 1220 Varios
698 1146 810 1221 habet
823 1172 885 1223 na·

60 1246 138 1336 iles,
169 1242 306 1322 cerebri
324 1247 579 1345 intemperiem
604 1245 641 1319 in
662 1247 759 1325 auris
782 1268 886 1347 orga-

60 1371 122 1422 um
145 1346 179 1421 se
196 1365 476 1432 exonerantem‚
497 1343 559 1419 vel
586 1342 775 1517 lympham
796 1346 886 1419 cral·
932 1384 942 1401 ι

60 1470 159 1523 orem
174 1449 211 1520 in
226 1440 481 1519 minutillimos'
494 1441 642 1519 tubulos
674 1467 695 1518 e
710 1444 885 1519 insinuan-

60 1569 135 1634 ειη,
162 1545 222 1620 vel
239 1545 366 1645 organi
386 1544 577 1620 exterioris
597 1565 726 1617 cavam
743 1564 888 1641 partem

60 1646 247 1720 umoribus
267 1648 499 1732 obturatam,
514 1642 575 1719 vel
597 1661 813 1740 tympanum
836 1645 889 1718 ni·

60 1746 102 1819 tis
124 1744 264 1819 tensum
288 1768 333 1821 ac
354 1741 507 1832 ficcnm,
537 1762 604 1819 aut
625 1743 733 1816 nimis
762 1742 887 1821 laxum

60 1844 293 1915 rhumidum.
341 1842 560 1941 Plerumque
577 1841 692 1920 senilis
712 1863 799 1920 aetas
812 1845 887 1920 hoc

60 1938 127 2013 itio
146 1936 298 2011 laborat.

109 2063 383 2169 Haemorrhagia
406 2067 548 2142 narium
569 2067 620 2143 est
647 2069 888 2151 immoderata

60 2170 214 2272 inguinis
232 2193 295 2269 pet
315 2191 419 2244 nares
435 2166 579 2256 eifum,
604 2171 739 2341 apertis
760 2195 888 2249 earun-

61 2295 119 2347 em
143 2268 255 2356 vasis,
286 2290 367 2367 quae
389 2269 513 2343 contin
540 2291 601 2343 ete
637 2268 714 2346 olet
735 2270 797 2358 iis,
824 2274 887 2371 qui

60 2370 216 2470 inguinis
246 2369 467 2444 abundantia
514 2378 565 2442 eu'
594 2367 760 2470 orgasmo
790 2366 887 2459 labo·
954 2460 959 2469 ¹

60 2490 129 2554 ant,
141 2468 202 2545 vel
222 2468 369 2567 quando
384 2469 519 2542 humor
530 2469 648 2544 acrior
666 2466 811 2545 subtiles
825 2496 889 2551 na·

60 2572 130 2642 ium
155 2568 308 2644 venulas
329 2568 509 2654 corrodit,
530 2567 590 2645 vel
611 2568 891 2646 lihaemorrhoi·

61 2690 100 2743 es
117 2670 155 2741 in
173 2667 343 2743 inferiore
360 2668 522 2767 corporis
541 2687 644 2767 parte
665 2666 890 2767 suppriman-

61 2789 108 2841 ur.
174 2767 299 2841 Vexat
331 2766 545 2879 plerumque
577 2766 776 2863 juvenilem
807 2789 889 2843 aeta·

61 2888 132 2951 em,
159 2865 223 2939 ubl
247 2865 388 2966 sanguis
414 2864 672 2968 prufervid'tis,
705 2867 891 2943 &tenera

61 2986 81 3037 c
101 2963 282 3040 imbecilla
314 2966 396 3041 sunt
419 2966 514 3041 vala.

114 3100 254 3199 Argiua
268 3096 327 3172 seu
337 3097 579 3199 strangulatio
596 3096 647 3173 est
661 3098 804 3179 all'eElio
816 3123 893 3175 ma·

61 3218 134 3297 gna
171 3205 392 3271 lummarum
424 3196 518 3296 gula
548 3204 892 3316 gutturisquepar·

429 3327 435 3335 ’
775 3321 869 3377 [lum
881 3339 894 3383 ι
