2086 3682
340 142 599 260 Astronomiu.
828 176 916 269 337

82 315 159 389 ium
211 305 387 412 perducta
420 307 525 409 suit,
566 309 602 382 ’lt
640 310 782 387 litaniae
815 314 921 390 sactis

52 340 205 491 solemni
230 415 304 484 ritu
331 411 462 483 dicata.
533 409 585 482 iix
611 433 668 495 eo,
699 436 773 508 quo
806 416 924 514 Regia

56 511 202 615 specula
238 509 361 597 stetit,
397 528 565 608 ternpore
600 509 829 587 Astronomia
855 537 920 589 no-

55 616 115 688 vis
162 611 270 686 velut
320 608 520 681 luminibus
565 607 731 685 illustrari
793 613 920 712 coepit.

57 714 154 788 Heic
178 711 278 785 enim
305 706 500 782 satellitum
526 708 630 805 Jovis
657 711 809 787 theoria
833 736 921 787 con·

10 824 21 833 '
57 810 189 897 sebia,
225 833 269 882 ac
298 827 424 882 motus
453 806 606 880 fiderum
630 810 762 882 horum
803 812 840 884 in
867 831 927 887 ta·

58 911 163 987 bulas
189 907 320 983 relatis
356 908 439 979 heic
464 909 610 980 Saturni
636 911 834 983 comitatus
858 913 922 985 de·

59 1009 207 1087 tesius:
243 1005 434 1105 parallaxis
459 1008 617 1093 Martis,
660 1006 841 1106 ipsiusque
864 1012 920 1085 uti

59 1108 266 1186 existimant
299 1105 391 1180 Sulis
429 1103 650 1205 patesada:
694 1106 924 1195 refrnlliones

60 1210 214 1284 siderum
241 1202 439 1290 curtesiae,
475 1203 643 1303 lunaeque
675 1203 785 1280 facies
809 1232 921 1306 quam

59 1302 346 1384 emendatiffime
369 1304 575 1379 delineata:
602 1305 685 1378 heic
710 1308 839 1405 ingens
858 1309 923 1381 ob·

61 1408 309 1487 servationum
334 1406 380 1477 ad
407 1403 608 1492 Planctus,
642 1405 839 1494 Cometas‚
868 1408 922 1480 Fi·

61 1530 199 1607 xasque
228 1501 464 1604 speslantium
498 1502 687 1578 thesaurus
728 1506 779 1580 est
812 1505 931 1583 collo.

62 1606 150 1682 &uss
203 1600 388 1679 Exslrufila
413 1600 463 1676 esi
490 1601 632 1703 specula
657 1605 735 1679 haec
758 1602 853 1702 jussu
884 1604 924 1681 δε

63 1706 241 1783 sumtibus
267 1704 446 1779 [udovici
472 1704 577 1778 XlV.
631 1724 672 1779 ru
755 1706 789 1777 S.
815 1705 922 1803 jaco-

61 1808 96 1881 bi
119 1804 331 1879 suburbium
378 1803 533 1876 editiore
570 1828 591 1877 a
642 1826 786 1902 paam
814 1804 924 1880 Meri.

63 1902 246 1981 diunalem
271 1900 370 1988 loco,
397 1920 595 2001 totumque
621 1902 688 1974 aedi
715 1903 813 1976 cium
835 1927 925 2001 qua·

63 2004 177 2079 dratis
203 1999 518 2101 complanatisque
543 1999 723 2097 lapidibus
745 1999 887 2074 constat
912 2027 926 2075 a

63 2104 181 2205 figura
199 2103 345 2203 ¹gaudet
379 2097 496 2171 adan
524 2095 606 2172 ulos
632 2093 750 2171 tesius
776 2096 935 2195 compo·'

63 2204 155 2289 fita,
190 2201 296 2294 cujus
327 2196 473 2297 longius
499 2120 596 2271 latus
625 2196 837 2293 quindecim
863 2198 927 2271 he-

64 2302 289 2402 xapedarum
313 2299 358 2371 ab
382 2319 468 2369 ortu
494 2296 531 2369 in
558 2294 751 2393 occasum,
778 2293 928 2369 brevius

64 2424 157 2476 vero
183 2398 455 2493 hexapedarum
500 2396 696 2469 duodecim
730 2397 932 2495 aSepten·

65 2503 187 2576 trione
207 2496 448 2571 inMeridiem
473 2496 682 2593 porrigitur.
733 2496 836 2569 Duas
860 2518 930 2569 nu·

66 2618 187 2675 merat
238 2595 532 2695 contignationes
579 2592 718 2695 sornice
761 2593 929 2683 clausas,

91 2699 201 2772 uibus
238 2694 404 2792 imposta
433 2694 601 2795 planities
638 2693 757 2791 lapide
791 2692 930 2778 strata,

67 2724 246 2898 septoque
284 2793 428 2890 lapideo
459 2792 723 2878 circumdata,
764 2790 930 2864 observa·

68 2899 232 2972 tionibus
268 2893 408 2981 diurnis
447 2888 633 2964 nodumis
659 2914 707 2964 ue
745 2889 928 2963 serviensa

69 2995 218 3071 infimus
242 3009 367 3065 autern
398 2988 502 3065 locus
533 2990 647 3064 labori
674 3013 717 3062 us
750 2986 930 3085 chymicis

70 3094 121 3168 est
145 3092 356 3168 destinatus.
433 3088 601 3163 Formam
633 3090 753 3187 operis
788 3086 933 3159 invenit

71 3191 251 3297 Claudius
277 3185 459 3264 Pertaltus
494 3188 662 3262 Medicus
701 3186 738 3260 δι
764 3185 934 3357 mehele·

887 3306 931 3357 us
