2086 3682
93 142 178 231 330
293 212 295 217 ,
383 111 543 233 :Caput
575 110 655 205 VI.

95 279 156 352 tia
182 275 383 355 honoribus
404 277 621 377 excipiendi,
648 274 945 374 dimittendique:

93 400 180 452 narn
204 377 321 467 virtus
340 376 378 453 δι
392 374 429 451 in
448 374 550 451 hoste
566 375 750 475 probatur.

152 554 294 629 Interea
310 574 400 628 vern
414 551 475 627 nist
492 551 722 628 defensorum
739 553 875 625 civium
902 574 951 627 ue

98 653 251 728 accedat
274 652 420 751 ignavia
433 699 446 739 ‚
479 675 563 726 caro
595 647 860 749 utplurimum
934 670 953 725 t

24 762 27 767 '
96 769 315 852 expugnatae
340 750 438 825 urbis
463 751 589 850 gioria.
637 751 733 824 Nam
760 744 881 825 obseffi
894 772 951 825 ur·

124 870 209 924 ente
241 847 328 926 foris
358 847 467 924 hoste
509 849 724 948 neutiquam
762 851 963 936 otiantur,-

96 874 158 1023 ied
190 947 379 1026 molimina
412 946 541 1023 cundia
573 971 640 1046 pro
680 945 817 1022 viribus
851 948 953 1023 irrita

83 1066 281 1122 fcnuantur
309 1046 472 1122 reddere.
543 1047 691 1146 Quippe
723 1044 857 1151 inipso
888 1044 954 1122 sta·

97 1147 168 1220 tim
195 1144 386 1221 obsidionis
408 1144 532 1219 limine
558 1147 751 1221 tormentis
776 1168 840 1242 per
868 1166 954 1244 pro·

98 1242 309 1346 pugnacula
336 1243 374 1318 δι
408 1241 506 1319 valla
532 1242 712 1345 dispofitis‘
729 1241 955 1344 explostsque

90 1366 225 1433 arcere
257 1359 437 1419 conantur
460 1341 626 1429 hostem,
664 1345 717 1418 ita
747 1364 792 1416 ut
817 1338 956 1417 nonnisi

89 1436 336 1519 -cemotiffimo
363 1441 408 1517 ab
429 1441 626 1519 uthelocn
653 1439 766 1516 caſtra
792 1441 852 1515 sua
879 1465 954 1517 rne-

90 1541 171 1617 =tari
217 1541 387 1627 audeat,
462 1566 510 1617 ua
547 1564 588 1615 re
628 1539 765 1639 duplex
811 1536 954 1615 obseffis

87 1639 359 1726 commodum,
393 1564 635 1714 obtinentibus
660 1663 750 1715 vero
777 1639 954 1740 damnum

44 1824 47 1837 ¹
91 1739 267 1828 accedit3
302 1740 473 1813 nimirum
498 1737 835 1813 circumvallarionis
859 1760 978 1837 opus·

40 1853 42 1857 '
90 1837 301 1931 ¹majoribus
326 1834 466 1913 constat
493 1835 688 1933 impenfis,
724 1837 762 1910 &
794 1836 955 1915 accessus

15 1980 19 1985 ·
89 1934 174 2034 ipse
199 1934 362 2037 pluribus
386 1934 558 2011 molestiis
599 1932 815 2035 ericulisque
831 1935 955 2014 fitob·

100 2036 245 2112 noxius.
293 2034 365 2110 ubi
391 2031 515 2108 senfim
539 2059 560 2109 a
585 2035 806 2207 propinquat
829 2036 953 2125 hostis,
990 2067 996 2079 ·

100 2134 141 2212 δι
174 2132 280 2215 forsas
312 2131 549 2224 obfidionales
585 2159 647 2217 nto
661 2136 762 2228 itur,
797 2134 955 2212 effundit

88 2231 137 2309 de
160 2233 264 2314 miles
288 2232 522 2331 praesrdiarius
544 2231 819 2323 manipulatim,
844 2234 954 2313 laces·

89 2331 145 2407 -iit
165 2329 331 2419 fatiores,
362 2329 549 2418 miffiriuus
571 2351 696 2418 arcet,
734 2335 847 2411 diruit
875 2357 954 2415 coe·

52 2454 55 2459 ·
101 2449 362 2531 ptum,‚opur,
393 2430 439 2531 ἀ,
467 2434 505 2507 in
535 2429 717 2503 hostilium
749 2453 955 2511 tormento·

86 2544 185 2607 ‘rum
213 2525 338 2611 fauces
360 2530 488 2608 clavos
512 2528 651 2627 adigit,
688 2530 741 2606 ita
762 2553 806 2608 ut
828 2526 955 2623 officio

52 2676 62 2689 ,
101 2623 173 2705 suo'
192 2628 364 2709 deinces
396 2626 500 2742 fungi
534 2648 729 2726 nequeant.
805 2633 955 2709 Crebris

91 2748 250 2827 -quoquu
276 2753 301 2802 v
336 2726 548 2831 itarinnrbus
574 2730 865 2827 oppugnantium
887 2736 972 2809 nu···

89 2846 248 2907 -tnecunr-
276 2826 447 2919 minuunt
470 2850 481 2899 t
503 2828 700 2926 praecipue
740 2850 831 2905 vero
897 2828 966 2905 iiia

87 2920 489 3025 ·-gtanetit··tn'aior'ibus
526 2926 564 2998 in
595 2925 659 3026 sug
685 2923 779 3000 estus
808 2853 954 3006 hoffiles
983 2990 991 3013 ,-

88 3022 307 3137 detornant:
339 3016 447 3103 fossas
475 3020 616 3116 inietiis
649 2950 777 3099 dverfi
808 3026 953 3142 generis

99 3123 277 3203 machina
312 3122 585 3227 pyrotechnitis
617 3124 763 3228 ‘ubique
809 3122 953 3301 tufestae

639 3250 643 3263 ¹
767 3286 770 3292 -
871 3247 911 3304 1¹0
