2086 3682
139 84 227 248 ¹332
449 40 588 252 1simut
623 135 673 226 V
670 88 740 225 I(
825 200 828 205 -
887 210 893 219 .

117 294 225 382 ³·s1tae,
239 299 290 371 ita
311 315 435 375 tamen
449 297 601 382 ut'foliae
617 300 702 373 hinc
726 297 811 372 inde
825 299 862 373 in
880 321 993 373 unam

125 393 341 482 ”confluam
362 418 473 493 quam
503 397 636 472 lineam
664 397 997 493 Communicationir

85 531 97 567 s
143 515 301 581 vocant,
331 515 376 568 ut
401 495 506 571 miles
547 497 645 570 ultro
673 502 839 595 citroque
873 497 995 571 secute

123 590 254 695 ·poffit
270 599 488 669 commeare.
558 595 687 681 Cruda
706 595 802 670 foilae
822 594 874 669 est
901 596 996 691 ejus-

141 694 227 766 dem
244 694 424 785 introitui*
438 717 511 767 non
529 693 657 793 procul
684 693 712 769 a'
729 694 849 768 castris
877 717 994 794 oppu-

122 792 362 893 gnantium,
390 791 511 890 largus
538 792 671 868 &late
697 812 853 894 patens:
883 813 996 892 caput

122 906 234 965 'vero
261 891 472 963 extremitas
491 888 607 979 fossae,
631 916 703 991 qua
724 893 994 965 munimentum

123 987 304 1088 ‘respicim
326 1013 473 1089 quoque
493 988 639 1089 reliquae
664 990 759 1065 foffae
784 990 884 1062 libia
912 1013 994 1088 pro·

138 1089 358 1191 pinquantes
383 1090 421 1161 in
448 1087 627 1187 angustias
649 1110 796 1164 coeunt
889 1112 912 1160 u
962 1113 994 1161 e·

129 1187 209 1277 stus
222 1188 476 1260 tormentorum
493 1186 674 1261 curulium
689 1186 739 1263 est
759 1188 861 1262 locus
880 1111 963 1286 θῇ
982 1230 989 1246 ·

119 1286 188 1358 ‘ba
209 1283 331 1359 effolla
349 1283 592 1374 constructus,
618 1287 655 1361 ἃ
677 1285 865 1386 campestri
881 1284 999 1384 plani·

44 1406 47 1417 ·
123 1384 205 1457 ‘tiei
224 1382 430 1482 impositus,
450 1386 487 1457 in
506 1407 581 1482 quo
601 1405 666 1458 aut
686 1404 870 1459 tormenta
897 1381 993 1458 belli·

54 1546 57 1551 ,
121 1492 186 1556 'ca
212 1503 276 1556 aut
296 1484 468 1557 mortaria
490 1484 684 1582 ignivoma
708 1484 834 1558 ordine
856 1481 919 1558 suo
942 1483 993 1555 di·

121 1579 374 1668 ·llribuuntur,
394 1582 526 1680 quibus
545 1579 647 1656 simul
666 1583 763 1655 urbis
785 1584 923 1655 moenia
940 1583 993 1659 in·

111 1676 336 1767 ¹festantur,
373 1679 474 1753 fimul
507 1678 642 1754 milites
675 1703 740 1780 per
769 1678 874 1752 iulias
908 1679 1015 1755 obsr-··

126 1777 303 1853 :diunales
341 1777 383 1852 iis
431 1778 664 1852 imminentes
721 1778 892 1852 adversus
928 1781 993 1853 hu·

139 1875 244 1951 stium
259 1878 335 1951 vim
360 1875 593 1974 &impetum
615 1873 896 1952 defenduntur«
935 1874 993 1952 Ne

122 1982 230 2050 uero
260 1976 367 2049 nudae
399 1972 605 2075 conspectui
641 1980 792 2077 pateant
827 1977 882 2048 hae
909 1975 992 2051 belli

123 2074 334 2161 ‘maenium
358 2071 483 2174 illique
511 2077 574 2176 qui
595 2075 790 2177 dirigendis
818 2075 860 2146 iis
881 2072 993 2172 praefi·

140 2176 301 2262 ciuntur,
320 2172 382 2249 vel
406 2176 616 2250 cortineex
633 2175 747 2248 humo
762 2169 921 2247 fenestris
942 2174 992 2247 in·

69 2311 72 2317 -
122 2268 301 2371 2sttudla,
327 2269 389 2350 vel
416 2271 571 2349 metellae
602 2286 699 2347 tetra
729 2271 875 2371 repletae
903 2271 994 2367 obji-

139 2371 298 2448 ciuntur.
379 2372 539 2447 Munitio
571 2370 610 2444 in
642 2367 766 2444 fossam
798 2393 992 2445 excurrens

119 2469 203 2544 ·seu
219 2465 387 2569 Receptus
408 2469 582 2552 militaris
606 2466 658 2541 est
675 2467 990 2568 propugnaculum

122 2576 297 2667 'parvum
320 2569 433 2657 lorica
453 2571 490 2640 ἃ
515 2561 601 2641 folla
617 2567 990 2665 circumdatum-quo

140 2663 347 2741 acceduum
383 2661 657 2749 obsidionalium·
696 2666 785 2739 fines
837 2668 992 2749 exuemi

141 2767 371 2842 muniuntur.
430 2764 514 2837 Hoc
539 2760 704 2838 securum
722 2764 856 2863 praebet
874 2766 912 2837 in
925 2762 992 2842 foi

62 2872 68 2878 ’
121 2860 470 2945 ‹sasintroirumu
490 2879 628 2952 tutum,
655 2861 786 2960 sropus
805 2861 856 2949 fit,
879 2884 991 2939 retro·

113 2963 275 3037 ·eedere
297 2953 432 3033 cottiis
456 2958 603 3058 asylum.
676 2963 712 3036 Si
739 2964 810 3056 jam
835 2963 910 3037 anti
935 2962 991 3037 uis

119 3082 244 3136 mora
276 3053 440 3132 conferre
468 3057 630 3156 placeat,
660 3061 742 3157 quis
768 3082 843 3132 non
867 2986 991 3146 vider,

133 3175 272 3235 -euntta
298 3154 338 3232 dr
353 3156 721 3249 circumvallutionis,
752 3179 794 3232 ut
809 3159 930 3257 ajunt,
952 3159 990 3232 li·

75 3288 78 3294 ·
127 3296 130 3301 ·
289 3282 294 3291 “
905 3277 991 3332 near
