2086 3682
96 119 182 220 238
332 93 656 216 ⁴‚CuprrtX
700 151 729 189 „
823 156 826 163 =

96 267 221 369 potius
244 259 362 346 crisim
385 260 473 333 dum
499 260 576 358 agit
600 258 645 334 de
670 256 855 357 disciplina
870 261 944 335 Me·

99 369 181 445 dica
198 364 296 460 :(y)
330 408 357 447 ,‚
373 357 456 432 Illos
480 381 583 445 vem,
597 359 729 456 inquit,
750 359 813 456 qui
830 378 945 434 artem

97 464 175 554 „in
194 460 276 534 usus
290 459 433 559 generis
458 457 609 532 humani
634 460 947 546 convertunt,ubi

20 639 28 652 ,
97 610 122 651 ,,
138 563 296 661 primum
329 553 399 631 sese
423 553 576 654 publicis
611 554 833 630 utilitatibus
863 580 948 633 con·

96 711 123 750 ‚‚
141 661 335 742 sectarunt,
359 653 473 729 nolim
498 651 652 749 amplius
679 656 725 728 ad
749 653 843 728 ullas
860 655 947 733 alias

97 755 337 856 „disciplinas
360 755 398 828 ἃ
422 774 518 827 artes
543 755 736 830 divertere.
758 751 833 827 *Est
849 757 945 830 enim

96 862 177 949 „in
200 859 271 931 hac
293 876 368 932 una
388 850 471 945 satis
498 851 672 952 superque
705 854 805 951 quod
835 875 946 954 agant

97 1005 126 1046 „
140 954 201 1031 vel
220 955 301 1027 vita
313 947 491 1041 universa,
508 951 707 1050 quamlibet
720 953 894 1028 diuturna
909 956 946 1031 δι

94 1103 125 1144 ,‚
140 1053 261 1153 longa.
335 1051 463 1148 ltaque
491 1074 565 1125 non
587 1048 705 1125 seran't
735 1048 850 1138 eum,
883 1053 944 1151 qui

96 1155 185 1244 „ad
208 1173 318 1250 opem
343 1147 552 1243 hominibus
585 1147 768 1237 ferendam
802 1151 943 1225 accersi·

94 1271 239 1343 „tur,··
262 1248 483 1325 Ciceronem
531 1268 596 1335 aut
633 1247 943 1338 Demosthenem,

89 1386 121 1442 ¹„
138 1347 333 1449 Virgilium
358 1347 397 1420 dt
423 1344 628 1422 Homerum
653 1341 942 1424 lebitarez'mul·

91 1469 174 1540 „to
200 1449 322 1522 minus
348 1442 513 1520 austures
537 1444 581 1521 as
596 1447 693 1522 icere
714 1447 804 1522 artis
827 1471 941 1548 gram·

96 1548 307 1638 „maticae.'
336 1546 407 1620 Sed
431 1569 499 1618 nec
525 1471 711 1622 lidericus
727 1558 844 1645 *atque
861 1548 940 1624 Phi·

12 1724 16 1729 ,
91 1645 330 1746 ‚,losopbos,
365 1640 427 1717 n'isr
463 1647 526 1740 qui
564 1644 765 1738 adjumenti
807 1645 941 1746 aliquid
980 1684 984 1688 -

94 1743 275 1835 „adferre
307 1737 438 1842 polline
469 1745 531 1826 iis,
562 1746 623 1913 qui
665 1742 939 1821 salutem-suam

1 1885 24 1889 η·
89 1841 238 1941 „ipsius
286 1844 381 1915 cu&
422 1840 693 1916 commierunt.
730 1841 733 1847 ’
771 1843 940 1920 Didicisse

88 1989 114 2032 „
129 1943 207 2020 baec
232 1955 382 2039 oportet
402 1939 528 2110 prius,
560 1960 659 2016 certe
690 1942 750 2016 hic
779 1966 854 2018 non
880 1946 940 2019 atl-

87 2040 272 2132 „discere
322 2032 403 2112 Faci
419 2039 474 2111 ius
499 2036 638 2129 tulero,
664 2043 828 2134 cuiusvis
852 2045 938 2118 artis

89 2136 365 2240 „professorem
396 2137 542 2212 diversis
574 2162 837 2238 nonnunquam
855 2133 859 2143 ’
878 2167 938 2217 oc·

38 2334 40 2339 .
72 2287 117 2330 -,‚
133 2239 274 2338 cupari,
301 2261 411 2336 quam
434 2235 553 2331 hujus.
595 2240 659 2312 ¹Hi
685 2260 808 2313 tamen
833 2265 961 2342 expe·-

89 2339 287 2428 „rimenta
320 2335 380 2409 sua
411 2338 643 2411 munimentis
679 2337 867 2412 literarum
889 2340 936 2415 ad

89 2485 115 2529 ‚‚
135 2435 236 2509 usum
269 2433 434 2535 posteris
453 2433 738 2534 consignabuut3
781 2437 937 2540 sciatque

90 2584 115 2624 ‚,
132 2537 310 2617 Medicus,
321 2533 497 2630 quidquid
513 2536 686 2631 temporis
700 2535 809 2629 huius
831 2544 936 2612 unius

5 2662 8 2669 ·
77 2684 116 2731 ω
134 2635 249 2709 studio
275 2631 503 2720 subtraxerit,
527 2652 671 2706 tantum
698 2632 874 2727 surripere
895 2661 935 2712 ac

88 2737 240 2826 „surari
275 2730 414 2806 sanitati
449 2729 592 2805 suorum
619 2736 934 2832 aegrotantium„

90 2839 184 2932 Qrae
204 2833 354 2929 ‘quidem
379 2831 492 2905 critici
508 2826 675 2905 Audoris
693 2833 812 2927 'hujus
828 2837 934 2911 verba

86 2959 163 3012 nou
188 2935 233 3007 de
260 2930 395 3019 lindio,
419 2932 520 3028 quod
548 2931 645 3005 horis
672 2928 863 3008 subsecivis
882 2932 951 3020 fit„

88 3033 149 3115 sed
171 3031 275 3133 quod,
293 3024 401 3106 'velut
421 3039 467 3102 e'x
492 3026 870 3132 professu‘suscipitur'‚
885 3056 930 3205 pp·

847 3154 884 3206 te
910 3153 930 3203 1·

166 3225 243 3308 (y)
261 3220 312 3295 Dr
335 3170 445 3290 orosa
459 3221 543 3288 trad.
555 3220 667 3290 Medic.
755 3222 760 3231 '
