2086 3682
251 131 561 229 ArchiteHonica
592 121 734 228 Civilis.
865 168 953 256 209

91 300 231 406 septem
257 302 402 378 cubitos
428 299 544 376 latum
570 320 670 386 erat,
704 304 859 378 trabium
892 329 953 381 ca·
1037 351 1040 359 .

116 406 228 481 itibus
262 401 360 476 ultra
390 401 574 500 parietes,
605 402 737 498 quibus
766 404 953 479 incumbe·

48 565 52 571 .
89 429 510 603 Banuprominentibus'.
561 499 710 600 Triplex
736 504 819 577 heic
843 503 952 580 cella·

88 625 175 679 rum
197 602 289 676 ordo
313 599 446 699 partim
471 601 711 675 sacerdotum
746 600 845 689 usui,
871 627 951 701 pare

84 704 157 777 'tim
176 699 421 776 custodiendis
446 698 573 797 tempii
598 701 775 805 theiapris
798 700 946 777 destina·
1011 764 1013 769 .

90 822 226 876 tatum.
282 798 342 879 Ad
367 798 433 872 has
458 816 524 897 per
545 799 731 874 cochleam
754 823 870 875 unam
888 799 950 876 vel

61 901 182 982 ,duas
213 920 261 991 ex
291 915 451 994 utraque
484 918 588 995 parte
617 896 780 974 ascensus
815 900 950 998 patuit.

88 997 235 1099 Templi
261 997 417 1098 primam
457 1019 578 1070 aream
609 1001 836 1073 exornabant
864 1021 951 1074 can·

89 1097 250 1186 delubra,
276 1113 421 1174 exutio
449 1095 628 1194 quinque,
657 1099 814 1171 totidem
840 1096 950 1174 exal·
994 1146 1000 1153 -

89 1219 173 1285 tero
194 1196 309 1272 latere
335 1193 545 1272 collocatae
573 1194 703 1270 mensae
721 1216 872 1297 quoque
887 1198 948 1274 de·

89 1322 170 1374 cem
202 1297 249 1372 ad
279 1294 511 1395 reponendos
546 1290 801 1394 Propofitionis
836 1320 950 1395 panes

90 1390 227 1497 duplici
252 1395 380 1471 ordine
404 1385 607 1494 dispoiitae:
636 1399 710 1472 Ara
728 1397 949 1495 thymiama·

90 1501 136 1572 tis
161 1497 258 1571 inter
287 1511 487 1596 utrumque
518 1495 694 1594 parietem
730 1496 844 1573 stabat
870 1514 948 1571 mea

90 1597 161 1671 dia.
211 1592 292 1694 Jam
318 1611 407 1666 uero
432 1616 476 1666 ea
502 1616 585 1691 pars
611 1595 751 1693 tempii,
766 1618 845 1696 quae
860 1598 950 1671 San·

90 1693 190 1769 &um
222 1689 436 1768 sanderum·
478 1694 537 1766 ieu
569 1690 774 1769 Oraculum
807 1697 949 1770 diceba·

90 1812 174 1880 tur,
200 1793 330 1891 viginti
358 1792 502 1865 cubitos
525 1791 661 1893 longa,
686 1794 761 1870 lata
785 1796 887 1871 fimul
909 1796 949 1871 δι

90 1890 164 1969 altu
192 1890 300 1965 duit:
350 1889 529 1965 acceisum
562 1897 608 1966 ad
628 1908 712 1967 'eam
738 1898 949 1992 praebebant

87 1992 186 2069 sores
231 1988 312 2065 satis
360 1990 516 2087 ampiae,
568 1989 780 2095 semperque
821 2014 948 2090 paten-

89 2111 175 2179 tes,
205 2088 374 2189 quamvis
404 2086 494 2160 nulii
520 2108 632 2184 quam
659 2088 799 2164 summo
825 2094 950 2163 Sacer.

88 2192 168 2268 doti
192 2187 319 2278 liceret
345 2186 497 2287 ingredi,
513 2188 657 2261 duobus
674 2184 779 2260 'ostiis
798 2185 856 2260 seu
872 2188 949 2263 val·

86 2293 147 2366 vis
174 2282 363 2364 iustruiiae.
439 2288 478 2358 ln
505 2283 586 2386 ipso¹
617 2305 742 2360 autem
766 2288 838 2362 hoc
862 2286 948 2377 ioco

89 2380 301 2466 sandiffimo
326 2387 468 2486 quievit
490 2391 599 2474 Arca,
626 2385 846 2463 abstantibus
866 2404 949 2488 prm

88 2491 189 2565 xime
217 2490 264 2563 ad
301 2485 417 2586 latera
451 2488 606 2587 geminis
638 2487 859 2563 Cherubinis
884 2489 949 2564 de·

91 2613 171 2665 cem
196 2587 340 2662 cubitos
364 2585 459 2672 aitis,
484 2587 546 2685 qui
571 2607 636 2757 per
657 2608 782 2662 totum
808 2607 881 2686 qua
897 2587 943 2663 lu·

91 2708 129 2763 te
162 2688 285 2788 patuit
309 2681 515 2764 Oracuium
550 2706 624 2759 aas
657 2686 735 2762 suas
768 2691 950 2786 expande-

92 2787 198 2874 baut,
224 2785 330 2861 velut
348 2781 494 2884 ¹semper
515 2786 675 2884 expediti
705 2788 877 2861 Numinis
900 2786 949 2863 ad

91 2885 415 2985 homiues-nuncii.
479 2882 618 2958 Omnia
642 2886 720 2959 huc
769 2888 874 2961 artim
901 2908 949 2964 ex

89 2990 221 3072 cedro,
247 2987 379 3085 partim
403 3002 449 3057 ex
474 3002 564 3057 auro
590 2986 718 3057 mundi
746 3008 820 3061 imo
847 2984 954 3063 fuere

88 3083 269 3170 confesti,
294 3085 345 3156 ita
369 3098 413 3154 ut
437 3100 513 3156 tam
540 3085 659 3182 pretio
685 3103 795 3183 quam
823 3085 948 3187 ampli·

79 3186 219 3262 -tudine
257 3205 302 3260 uc
334 3178 520 3278 maiestate
559 3181 620 3260 suu
657 3180 861 3287 longiffimo
894 3187 949 3263 im
