2086 3682
353 159 613 286 Gaogrupiu'u.
665 271 668 275 4
838 202 916 267 111.

59 332 230 432 exiguam
259 335 441 431 quandam
466 336 624 434 regionis
654 336 714 410 vel
748 342 921 415 territorii

59 433 275 530 portionem
297 431 415 507 oculis
440 433 631 527 subjiciens
645 482 656 520 ,
696 460 779 533 quae
810 464 916 513 voca·

59 550 115 604 tur
139 530 436 631 Topogra'phia,
478 535 528 606 ita
560 535 672 607 etiam
701 539 919 634 Mapparum

42 629 130 704 'alia
174 627 259 702 sunt
294 630 528 719 Generaies,
566 632 644 707 aliae
684 636 919 733 peculiares,

58 727 251 832 singulares
278 726 427 804 demum
454 731 540 805 aliae.
743 749 745 752 ·
965 732 968 739 ’

134 910 273 984 Praeter
300 907 577 1008 Geographicas
603 912 716 987 etiam
743 910 920 988 monsstat

61 1006 297 1109 Geographia
312 1005 636 1106 Hydrograpbicas
657 1033 819 1106 mappas,
829 1036 919 1109 quas

60 1106 243 1183 Henricus
268 1108 418 1204 Joannis
452 1106 643 1179 Lutitaniae
678 1111 786 1207 Regis
824 1112 919 1185 tilius

59 1209 194 1305 primus
225 1206 393 1291 invenit,
433 1227 662 1305 quarumque
698 1212 781 1280 ulus
807 1231 919 1306 quam

60 1304 317 1406 navigantibus
342 1303 393 1378 est
419 1305 655 1393 necessarius,
682 1326 759 1382 tam
785 1309 919 1381 carde

58 1402 216 1481 lineandi
241 1406 374 1478 modus
400 1406 557 1478 necdum
582 1405 632 1479 est
658 1409 704 1479 ad
730 1403 920 1505 perfodio·

58 1506 109 1578 nis
135 1506 280 1603 apicem
308 1500 527 1602 perdudbus':
554 1506 686 1579 notitia
715 1525 838 1579 tamen
858 1530 917 1580 ea·

58 1626 139 1678 rum
167 1603 415 1701 Geographiae
441 1627 589 1702 quoque
613 1603 815 1679 cultoribus
841 1629 921 1703 pet·

58 1725 171 1800 quam
194 1702 297 1777 utilis
337 1701 398 1776 est.
460 1704 557 1791 Nam
582 1704 637 1775 uti
664 1727 710 1778 ne
726 1694 794 1779 ‘uit
817 1705 921 1778 exhi·

58 1802 135 1877 beri
160 1799 364 1901 superficies
390 1799 488 1901 globi
516 1797 690 1877 terrestris
712 1729 784 1877 dne
809 1803 919 1892 mari,

55 1925 132 2001 quo
165 1900 345 1986 alluitur,
383 1904 433 1975 ita
472 1923 541 1975 nec
575 1924 677 1976 mare
713 1900 783 1976 stne
817 1904 919 1977 omni

58 2020 164 2075 terta
182 2000 221 2075 ἃ
243 2000 386 2087 litore,
417 2022 492 2097 quo
516 2001 729 2075 continetur
753 2002 790 2074 ἃ
820 2025 920 2075 coar·

57 2096 192 2175 datm.
234 2100 373 2174 =Porro
399 2096 489 2172 ficut
514 2097 752 2194 Geographia
777 2097 920 2195 sylvas,

56 2214 225 2285 montes,
251 2196 409 2299 oppida,
433 2195 567 2281 u'tbes‘,
593 2195 800 2294 provincias
815 2198 850 2271 dt
866 2221 923 2271 re·

56 2323 131 2401 gua
157 2296 347 2383 describit,
389 2295 440 2369 dtx
460 2293 531 2370 suis
554 2291 701 2395 ungula
733 2295 831 2370 notis
860 2290 932 2370 cx·'

57 2399 211 2499 primic,
237 2398 290 2471 ita
314 2395 598 2495 Hydrogtaphia
623 2393 738 2470 costas
767 2395 823 2471 seu
838 2419 920 2471 oras

57 2498 289 2582 maritimam,
324 2492 457 2581 litora,
485 2514 640 2592 portuS,
667 2494 760 2569 smus
773 2544 785 2582 ,
809 2494 920 2585 freta,

60 2596 97 2671 bt
127 2594 220 2671 ostia
251 2591 470 2680 fluminum,
507 2595 655 2681 maria,
691 2593 728 2669 δι
762 2595 921 2683 insulas,

58 2697 147 2795 q'uin
172 2694 231 2769 ἃ·
255 2694 380 2769 brevia
404 2691 585 2790 acsyttes
611 2693 648 2766 in
679 2693 835 2771 Oceano
862 2717 922 2767 oc·

56 2784 268 2880 currentes,
306 2792 414 2866 certis
443 2790 551 2890 siguis
570 2790 759 2882 manifesta
785 2790 919 2866 reddit.

22 2966 25 2973 .
54 2894 227 2994 Denique
253 2914 368 2990 quum
390 2889 534 2990 globus,
557 2915 666 2984 quem
691 2890 925 2989 Geographi·

58 3016 108 3067 cae
136 2991 433 3069 considerationis
458 2992 605 3087 scopum
639 2989 708 3065 eise
736 2990 921 3075 diximus,
996 3074 1000 3081 1

60 3095 193 3189 partim
218 3119 240 3169 e
275 3109 369 3162 terra
401 3090 533 3187 partim
549 3085 607 3161 cx
628 3112 722 3184 aqua
747 3083 920 3184 compost·
973 3096 1026 3167 *ff*

63 3208 119 3285 {aas
144 3191 219 3281 stt,
255 3189 448 3286 utriusque
481 3187 574 3265 ratio
600 3188 732 3263 merito
757 3187 926 3360 habendi}
1019 3210 1026 3233 ··

872 3307 923 3362 e*
1004 3356 1006 3361 .
