2086 3682
69 117 72 127 ’
136 129 220 242 136
442 108 584 244 'Caput
609 122 689 218 IV.

135 293 294 380 henum,
318 308 401 389 qua
416 290 576 391 denique
598 291 636 365 in
653 292 796 366 minora
822 287 992 390 dispesce·

74 398 77 402 ’
136 391 540 480 bantutftribuebant.

224 567 423 642 insularum
446 566 495 642 ie
518 569 672 668 primam
708 567 746 641 in
770 569 916 665 Europa
940 563 996 640 of·

112 666 209 743 ¹fert
233 663 441 769 Britannia,
466 690 546 766 quae
572 668 618 743 ab
642 665 732 742 albis
756 669 803 741 ad
827 665 915 740 litus
929 687 994 764 pe·

67 816 72 823 .
137 768 202 841 tris
227 760 363 841 Albion
385 791 530 842 nomen
556 766 783 842 sortiebatur.
852 768 993 861 Qam·

135 866 194 940 vis
219 889 309 941 vero
333 888 376 941 ea
399 890 509 966 pars,
536 877 615 966 qnae
643 888 743 939 nunc
766 867 888 944 scotia
914 862 992 951 est,

135 962 226 1041 olim
252 965 478 1042 Caicedonia
502 963 597 1041 ditia
625 961 759 1045 fuerit,
783 984 827 1037 ut
853 987 900 1038 ex
923 964 994 1037 Ta·

136 1064 213 1140 cito
236 1065 404 1153 constat,
432 1085 514 1141 tota
534 1087 660 1140 tamen
685 1063 917 1164 postmodum
943 1062 995 1136 di·

135 1161 212 1241 visa
236 1161 307 1239 fuit
330 1160 368 1241 in
393 1165 574 1260 Maiorem
598 1164 821 1239 Britanniam
838 1161 899 1236 seu‘
917 1166 995 1238 Au·

136 1259 302 1353 stralem,
354 1286 410 1343 uae
435 1288 534 1338 nunc
559 1260 718 1361 Angiia,
745 1262 784 1335 ἃ
810 1263 995 1336 Minorem

45 1405 47 1409 -
135 1358 199 1437 seu
221 1289 421 1449 Boreaiem
448 1385 529 1461 qua
554 1363 688 1437 Scotia.
740 1362 923 1435 Minorem
940 1362 995 1434 in·

108 1527 110 1531 .
137 1459 286 1553 coluere
312 1459 522 1537 Catini‘seu
548 1461 700 1546 Carini,
729 1462 843 1560 Lugi,
870 1461 996 1536 Vaco-

134 1559 257 1660 magi,
282 1559 428 1647 Tantali,
455 1557 708 1644 vetturtones,
735 1560 898 1647 Damnii‚
918 1557 994 1634 aiii·

35 1672 38 1677 '
134 1679 224 1758 que,-
288 1660 470 1757 Majorem
493 1652 650 1735 Romani
675 1660 713 1731 in
735 1659 856 1733 varias
872 1657 994 1732 einri-

136 1753 299 1832 buebant
324 1760 570 1858 provinense
606 1756 848 1845 Valentiam,
877 1758 994 1832 Maxi·

109 1878 237 1931 ,mam
266 1859 547 1946 Caesariensem,
582 1858 804 1932 Britanniam
838 1857 994 1956 primam

136 1954 176 2029 δι
202 1955 422 2045 iocundam,
455 1981 545 2058 quas
579 1958 674 2052 varii¹
697 1979 845 2055 quoque
867 1954 996 2055 populi

131 2054 373 2144 habitarunt,
405 2076 448 2132 ut
469 2059 680 2156 Brigantes,
717 2055 859 2140 Parisii,
887 2055 995 2130 Coti·

116 2223 118 2229 .
137 2156 233 2243 tani,
254 2157 426 2244 Dobuni,
450 2156 671 2250 Attrebatii,
697 2155 844 2242 Cantii,
860 2153 992 2254 Beigae,

136 2249 308 2342 Suiutes,
330 2254 403 2328 &a
467 2253 703 2343 Postmodum
726 2251 833 2327 Pittis
859 2255 993 2328 Scotis·

135 2373 210 2451 que
225 2351 385 2449 reliquos
410 2347 601 2449 subjugate
626 2352 845 2427 conantibus
862 2375 995 2430 evoca·

110 2451 167 2525 -ti
193 2473 216 2529 e
238 2449 442 2544 Germania
465 2451 626 2523 Saxones
657 2469 780 2521 rerum
831 2450 994 2527 orieban-

132 2567 218 2633 tur,
240 2534 336 2623 inter
362 2530 705 2646 qiossstrenuiffimi
739 2472 832 2650 tagii
850 2560 869 2635 ,'
895 2552 995 2627 unde
1005 2598 1017 2642 .·

135 2640 276 2747 Angiiae
301 2669 436 2723 nomen
459 2644 582 2722 lnsulae
608 2648 699 2737 toti,
725 2647 764 2722 in
788 2649 995 2747 septemre-

136 2746 209 2846 g'na
234 2743 353 2820 divisae
365 2794 377 2833 ,
403 2745 454 2821 est
477 2746 649 2825 inditum.
699 2748 832 2824 Vicina
856 2750 995 2835 Britan·

134 2842 207 2921 niae'
243 2839 458 2944 Hybernir,
502 2870 613 2946 quam
650 2844 776 2920 multae
808 2849 1014 2925 minorum.

58 2980 64 2987 ·
136 2943 304 3043 gentium
330 2944 449 3020 instilae
474 2946 646 3046 cingunt,
671 2945 852 3044 variaque
876 2949 995 3026 natio·

124 3065 203 3116 -nes
218 3043 463 3121 inundarunt:
489 3042 678 3130 Venienii,
706 3046 1011 3149 Darni,Robog·¹

68 3158 81 3171 '
138 3141 210 3232 dii,
236 3141 382 3248 Eblani,
409 3143 591 3244 Manepii,
614 3142 799 3246 frangam,
820 3146 994 3321 Nangdnca.

246 3276 274 3311 ··.
520 3322 523 3327 ,
845 3262 904 3334 tae,
960 3269 993 3322 c.
