2086 3682
72 82 210 253 244¹
403 132 533 254 Caput
577 132 628 226 V.
689 128 703 217 '.
831 83 833 87 -
885 226 892 243 ,

93 337 97 343 ’
270 345 273 349 ’
449 332 582 408 XLIII.

182 511 184 515 ’
251 476 507 570 Commoditas
525 473 773 588 ‘Struiittrca

150 668 333 748 ubi'satis
355 671 584 775 prospeslum
607 672 679 750 suit
703 676 833 779 tedium
875 673 936 751 fir-

73 772 207 858 mitati,
225 794 313 847 cura
330 786 415 853 non·
437 777 557 855 minor
584 774 858 855 commoditatis
870 778 956 850 ha„

74 872 190 948 benna
212 870 295 962 est,
335 872 440 966 cujus
460 877 560 960 tatio
585 874 624 949 in
645 876 718 948 boc
743 871 934 962 versatur,

72 991 119 1061 ut
136 993 196 1045 ea
231 971 348 1048 totius
375 971 514 1047 aedificii
532 970 716 1072 ⁴disposttio
744 970 829 1060 fiat,
854 996 935 1071 quae

70 1073 158 1145 vitae
185 1071 399 1156 conditioni,
426 1071 545 1146 usibus
571 1069 785 1158 incolarum,
805 1070 851 1146 ἃ
872 1072 949 1153 vel¹

68 1171 232 1244 maxime
247 1169 366 1270 ‘scopo
391 1168 500 1268 illius,
513 1172 616 1266 cujus
640 1168 933 1247 sumtibusslrui·

73 1289 147 1357 tur,
160 1269 261 1345 omni
287 1291 334 1346 ex
359 1288 463 1367 parte
485 1267 696 1372 respoudeat
722 1267 936 1346 satisfaciat·

72 1390 158 1467 que.
229 1371 356 1465 Qtare
382 1368 543 1447 breviter.
563 1366 745 1466 agendum
772 1370 856 1445 heic
880 1369 937 1446 lo··
974 1442 976 1446 .

74 1465 181 1542 cide
207 1465 275 1540 litu
300 1465 488 1568 figuraque
513 1468 658 1554 adium,
685 1466 735 1545 de
759 1468 933 1567 amplitu-

72 1566 157 1642 dine
180 1560 313 1641 'ac'dis
329 1565 479 1643 ostione
503 1562 763 1655 conclavium,
799 1567 844 1641 de
875 1565 933 1641 lu-

51 1666 183 1762 mine,
212 1591 386 1751 fenestra
411 1667 540 1763 januis,
567 1661 776 1740 fornacibus
799 1688 841 1740 ac
872 1690 933 1740 ca·

70 1764 192 1850 minis,
219 1762 319 1838 scalis
342 1765 506 1862 locisque
533 1761 807 1841 secretioribus.·
849 1765 944 1863 Jam-

70 1884 161 1937 vero
187 1863 234 1938 ad
259 1860 364 1939 situm
389 1865 460 1941 loci
485 1866 765 1965 opportunitas,
799 1863 837 1939 δι
864 1866 933 1939 ste·

44 2051 51 2062 .
71 1962 242 2059 quentia,
266 1963 357 2039 item
384 1959 570 2038 salubritas
595 1965 766 2064 pertinet.
836 1964 931 2040 lnvi·

98 2060 259 2139 ilandum
284 2063 408 2164 igitur,
431 2080 476 2134 ut
497 2064 562 2138 aer
582 2085 720 2162 purus,
744 2059 851 2137 nullis
877 2066 932 2137 in·

69 2086 187 2237 sellus
227 2163 345 2238 noxiis
382 2162 580 2258 vaporibus
618 2156 767 2238 adfluat.
847 2163 932 2237 Hoc

70 2259 241 2360 consequi
267 2258 435 2346 licebit,s1
455 2258 537 2338 loco
563 2260 678 2339 libero
704 2259 742 2337 ὅ(
766 2261 810 2334 ab
826 2264 939 2359 aquis.

16 2396 19 2405 ·
70 2356 318 2460 stagnantibus
348 2363 549 2436 remotiore
593 2379 777 2456 ponantur
811 2362 906 2451 ades
921 2362 939 2448 ,'

13 2488 17 2503 ·
70 2479 135 2532 aut
161 2457 289 2534 saltem
312 2458 501 2536 conclavia
536 2458 753 2533 habitationi
780 2459 936 2544 destina-¹

70 2576 110 2631 ta
144 2557 268 2632 versus
305 2555 452 2657 plagam
504 2556 821 2660 septentrionalem
866 2581 933 2634 aut
950 2560 958 2653 f

69 2653 283 2731 orientalem
306 2702 324 2742 ,.
347 2671 386 2731 a
420 2659 552 2757 quibus
581 2680 668 2734 aura
704 2656 811 2758 spirat
841 2656 940 2739 salu-L

70 2752 193 2843 brior,¹
213 2751 452 2831 collocentur.
490 2828 496 2841 x
527 2756 726 2834 laudanda
750 2758 833 2833 heic
855 2781 940 2833 rur--

69 2853 127 2929 sits
163 2854 345 2931 Veterum
374 2855 626 2944 consuetudo,
662 2858 838 2955 quidum
865 2859 931 2933 do·

69 2962 155 3028 mot
176 2949 422 3060 edificabant,
449 2957 595 3045 initium
619 2954 739 3032 secere
765 2982 786 3030 a
809 2961 931 3057 puteis

67 3051 300 3141 effodiendis,
317 3074 361 3128 ut
386 3055 456 3128 hac
482 3060 624 3132 ratione
651 3053 811 3130 indolem
826 3081 930 3158 aquae

69 3150 349 3252 bonitatemque
375 3151 618 3252 explorarent.

873 3281 925 3356 Fi·
