2086 3682
89 136 233 279 360⁴:
355 278 358 283 ⁴
415 156 542 278 capnt
578 153 676 271 Vn.

88 325 132 402 lis
163 346 250 398 aum
282 320 466 408 etherea„
504 318 699 394 ceruleum
733 342 843 418 quern
878 314 950 393 dlxi

88 425 251 515 colorem
276 422 453 496 imitatur.
504 422 680 493 Praeterea
706 418 842 495 coelum
872 443 952 493 cor·

89 524 187 625 poris
213 510 374 597 tariffimi
400 517 613 617 &agillimi
639 516 952 617 dotibnspollet‚

90 641 225 723 utpote
255 642 300 719 ex
323 619 523 693 innumeris
557 619 594 693 &
621 613 849 690 subtiliffimis
875 640 952 716 par·

91 714 424 809 tibus-tonsarum.
503 718 602 791 Luce
626 716 758 791 clarius
792 718 864 788 hoc
890 740 949 814 pa·

90 838 147 895 tet
172 841 219 901 ex
245 816 319 917 ipsa
344 815 436 889 lucis
452 828 525 914 'per
551 816 589 887 id
615 811 825 909 traiesiione
852 812 951 912 ocys·

89 917 255 1011 lima-ad
296 913 499 988 distantiam
540 914 699 989 humana
738 912 808 987 sule
839 914 951 1005 majo·

88 1004 193 1104 rem,¹
220 1015 280 1109 cui
302 1011 384 1089 sane
411 1012 510 1113 haud
535 1011 611 1087 aliae
638 1036 750 1113 quam
779 1005 951 1085 subtilissi-

91 1139 174 1203 mae,
199 1114 238 1207 ὅ(
265 1112 312 1188 ad
336 1136 485 1191 omnem
511 1133 657 1187 motum
683 1105 952 1211 expeditissimae

92 1213 209 1291 atomi
233 1231 277 1285 ut
301 1210 509 1298 inserviant,
536 1233 629 1309 aptae
654 1213 838 1288 videntur.
878 1211 950 1283 Un-

89 1312 136 1389 de
176 1308 477 1409 Philosophorum
525 1336 600 1384 non
645 1312 753 1411 pauci
793 1308 951 1405 minimis

89 1409 191 1486 hisce.
229 1409 415 1509 particulis
455 1410 620 1485 aethereis
665 1408 871 1509 sphaericam
908 1426 952 1481 ut

90 1502 288 1608 plurimum
308 1506 703 1611 figuramadjudicant,
716 1529 891 1606 tanquam
905 1504 951 1582 ad

9 1692 11 1696 ,
89 1630 235 1693 motum
255 1604 538 1708 imprimendum
559 1608 950 1708 determinandumque

90 1702 477 1805 convenientiffimam.
550 1710 700 1781 Summe
727 1703 838 1780 fluida
860 1728 948 1805 quo-

89 1830 162 1905 que
186 1802 273 1879 haec'
295 1806 447 1908 materia
480 1804 521 1879 stt
553 1803 692 1881 necesse
727 1804 807 1893 esl,
846 1802 949 1904 quid·

90 1906 181 2003 quid
207 1890 362 1981 Veteres
389 1927 517 1980 contra
543 1903 661 1981 moliti
686 1903 848 1991 suerint,
876 1928 948 1979 coe·

88 2000 262 2078 lum..esse
292 2027 426 2103 corpus
459 2003 612 2079 solidum
645 2004 705 2078 fibi
735 2002 949 2104 persuaden-

89 2121 157 2177 tes.
208 2103 302 2177 Salis
329 2105 401 2179 hoc
427 2100 650 2178 demonstrat
686 2103 819 2177 timum
844 2100 965 2189 lurni-'-

89 2203 145 2276 nis
171 2203 387 2303 propagatio
415 2201 624 2294 celerrima3
669 2204 718 2277 eri
736 2205 832 2278 enim
846 2202 947 2276 haud

89 2298 232 2399 posset,
277 2298 416 2373 etiamst
453 2304 613 2383 maxime
648 2300 802 2377 mobiles
833 2300 948 2376 essent

88 2395 184 2471 illius
227 2395 439 2496 particule,
478 2421 521 2474 ut
559 2423 635 2474 tam
664 2398 764 2475 facili
794 2402 945 2497 negotio

87 2514 192 2593 tanta
226 2519 353 2570 earum
392 2495 497 2572 seties
530 2499 568 2572 &
612 2496 748 2572 nasius
781 2525 802 2575 a
838 2482 946 2576 llellis

30 2634 34 2654 v>
87 2590 201 2691 usque
249 2594 298 2669 ad
330 2596 490 2671 'oculum
535 2594 687 2672 minimo
723 2618 830 2672 motu
870 2600 945 2675 via·

87 2716 159 2791 que
185 2688 281 2767 resia
314 2694 605 2811 propelleretur,
642 2697 664 2768 st
695 2720 769 2772 non
799 2697 882 2796 ipsae
906 2699 944 2773 in

86 2795 189 2865 vario
216 2793 336 2867 motu'
355 2795 424 2885 (tn
449 2816 522 2964 ppo
542 2793 709 2885 ¹melioris
733 2815 830 2871 notae
863 2798 944 2873 l'hi·

85 2889 428 2990 losophirationem
484 2892 556 2964 uidi
583 2893 843 2985 constituunt)
867 2896 942 2992 jam

87 3008 169 3062 turn
196 2987 517 3091 pofitaesuilsent,
551 2993 643 3066 adeo
682 3014 724 3067 ut
758 3016 860 3068 certa
891 2993 941 3071 so·

85 3085 162 3162 lum
188 3109 311 3165 motus
327 3088 609 3193 ‘'determinatio,
635 3111 725 3190 puta
749 3091 869 3183 testa,
889 3096 941 3172 eis

88 3188 391 3281 communicanda
416 3186 524 3268 soret.
577 3191 681 3269 Unde
708 3189 867 3273 fimulac
883 3217 938 3271 re·

860 3317 939 3372 mo·
