2086 3682
374 108 634 226 Astronomio.
864 144 949 247 357

97 298 181 355 cata
206 276 376 353 exhibeat
408 277 445 351 in
472 274 621 378 edypm
651 277 784 378 partim
811 280 886 378 ipso
909 266 947 357 in

96 378 196 453 coeio
229 399 403 475 tanquam
443 397 643 476 prototypo
675 373 863 479 spedianda
893 380 947 456 of-

95 478 214 564 ferat,
251 470 312 552 u¹el
346 499 518 550 numeros
555 476 731 550 continua
768 476 854 552 serie
887 480 948 556 iibi

96 576 330 653 succedentes
366 562 514 673 seligat,
558 576 692 675 quibus
730 576 949 655 methodum

95 675 300 763 monstret,
336 698 409 772 qua
434 696 513 748 tum
539 674 704 751 universa
728 675 814 749 coeii
836 674 948 755 faciei

95 774 312 877 spediabiiis,
344 793 423 846 tum
450 772 497 847 fin
525 773 669 872 ulorum
693 773 845 849 siderum
871 799 946 853 mo·

94 894 184 964 tus,
216 874 363 958 cursus,
394 799 605 973 diverdrque
643 897 752 972 quam
787 874 947 951 induunt

93 972 210 1075 figura
237 971 467 1047 determinari
498 972 542 1044 ad
577 973 769 1071 quodlibet
800 994 948 1075 tempus

93 1071 166 1151 five
192 1072 414 1171 praeteritum
439 1069 509 1145 five
534 1068 720 1158 futurum,
747 1072 947 1170 supputati·

91 1196 166 1273 que
191 1167 307 1273 posfit.
372 1169 495 1245 Priora
520 1171 594 1245 duo
619 1170 851 1271 consequitur
875 1195 947 1273 ope

89 1272 353 1375 principiorum
380 1289 461 1342 tum
484 1268 638 1344 scientiae
672 1271 761 1345 huic
783 1274 947 1371 proprio·

89 1394 202 1457 tum,
226 1370 354 1469 qualia
380 1367 462 1455 sunt
483 1364 725 1465 definitiones„
755 1366 943 1469 fitppostta‚

89 1462 285 1573 hypotheses
291 1520 303 1555 ‚
335 1461 609 1557 obseruationes,
630 1468 707 1545 &a
738 1488 783 1541 ut
806 1489 946 1544 vocant

89 1570 359 1650 Mathematici,
374 1589 453 1641 tum
479 1587 732 1642 mutuatorum
756 1568 946 1643 ex'Arith·

89 1670 245 1755 metica,
272 1668 508 1752 Geometria‚
542 1666 699 1766 Optica,
725 1666 795 1742 &u
875 1668 944 1743 Po·

91 1766 263 1842 strumum
296 1790 385 1843 vero
413 1766 556 1840 obtinet
589 1763 650 1841 vel
686 1766 943 1842 instrumento·

90 1890 176 1942 rum
198 1890 289 1965 ope,
325 1882 369 1939 ut
392 1862 474 1937 sunt
520 1862 614 1941 Iobus
639 1864 801 1953 ccelesiis,
831 1860 944 1965 spice·

90 1962 361 2052 ranrmillaris,
383 1888 640 2050 Astrodabium,
665 1960 853 2066 Qndrnns
870 1966 944 2039 cir-

88 2062 257 2161 culisuos
290 2064 328 2137 in
365 2061 499 2161 gradus
536 2060 575 2134 &
606 2059 790 2160 scrupulos
820 2058 943 2150 divifi,

87 2163 152 2241 vei
176 2160 478 2263 Trigonometriar
500 2157 573 2247 five
599 2157 714 2258 pianae
740 2157 811 2232 five
837 2159 945 2258 sphae·

88 2266 208 2351 rica,
263 2259 543 2359 tabularumque
585 2278 706 2334 certos
746 2279 944 2356 computus

89 2358 432 2437 subministrantium
457 2357 601 2433 auxilio.
661 2359 741 2458 Jam
766 2381 856 2433 vero
883 2382 946 2457 ap·

89 2457 222 2537 tiffima
252 2456 490 2539 Astronomiae
526 2454 649 2532 divifio
663 2506 676 2547 ‚
697 2479 819 2630 ¹quam
853 2456 945 2531 varii

89 2562 232 2637 variam
265 2550 539 2657 excogitarunt,
578 2556 639 2631 ilia
674 2580 744 2631 ee
778 2557 946 2644 videtur,

89 2683 171 2762 quae
195 2656 349 2733 scientia
385 2656 494 2753 hujus
528 2676 602 2731 tres
635 2653 760 2735 statuit·
795 2676 943 2753 partes,

66 2770 247 2858 'quarum
294 2758 411 2854 prima
462 2750 661 2829 dodirinam
698 2754 945 2852 Sphaericam‚

88 2858 312 2935 Theoricam
339 2853 473 2939 altera,
511 2853 620 2928 tertia
650 2852 799 2929 demum
826 2852 946 2937 Chro-

88 2957 298 3059 nologicam
315 2949 577 3053 compiediitur.
627 2953 754 3047 Quum
769 2950 865 3025 enim
882 2950 947 3022 du·

88 3058 174 3159 piex
213 3055 367 3129 fideruni
405 3072 529 3125 motus
559 3050 596 3124 in
621 3050 717 3126 coeio
746 3048 946 3148 deprehen·

90 3160 198 3234 datur
209 3203 224 3247 ‚
239 3175 409 3254 'quorum
434 3150 570 3319 prizmus
598 3150 804 3225 communis
828 3148 946 3318 utqui·

127 3262 130 3267 ’
528 3268 553 3325 2
708 3258 712 3271 ’
901 3266 946 3320 ut
