2086 3682
24 212 33 231 r
135 200 166 292 4
327 167 475 290 :Caput
516 103 804 264 L'Ertornt‘nm
923 271 924 279 a

136 335 199 414 vel
223 334 295 413 sola
322 333 548 410 Astronomia
573 326 784 436 progignit,
809 335 885 411 aliae
909 335 1002 414 suot

24 440 44 524 ,ss
136 433 310 512 Mathefis
346 433 525 519 utilitates
564 435 792 525 manifestae,
839 460 918 534 quae
955 440 993 511 in

139 556 285 611 caeteras
318 533 513 622 scientias,
547 555 664 622 artes,
700 536 791 633 quin
828 537 866 610 δι
891 535 993 636 opifi-

67 696 70 701 .
111 637 195 711 ¹cia
227 633 443 708 redundant.
505 635 562 705 Ad
594 632 729 708 sacram
769 635 1006 735 Scripturam‘

137 736 208 809 rite
231 729 515 830 intelligendam,
539 730 732 831 praesertim
758 734 803 806 ad
829 756 886 821 ea,
912 756 993 833 quat

139 835 186 907 de
212 832 352 904 mundo
378 830 528 920 condito
556 832 592 904 in
626 829 777 926 Genefis
798 831 920 921 libro,
956 836 995 908 in

137 932 208 1105 {ob
248 933 294 1005 de
318 927 520 1015 fideribus,
554 951 759 1027 eorumque
789 930 893 1005 cursu
909 979 921 1019 ‚
936 998 939 1008 .
955 933 1006 1007 in.

169 1031 266 1104 xodo
302 1028 349 1102 de
374 1026 549 1105 menluris
571 1028 813 1104 Tabernaculi
826 1079 839 1118 ,
863 1037 993 1117 Arcae,

139 1129 212 1205 &a
245 1125 410 1202 inlibris
447 1127 592 1224 Regum
624 1126 994 1228 &Paralipomenon

139 1230 188 1302 de
222 1223 396 1300 structura
435 1222 568 1324 ¹templi
583 1312 586 1317 V
602 1224 820 1302 Salomonici
840 1245 995 1305 'narran-

121 1346 204 1415 'tur
217 1375 229 1412 ‚
268 1323 467 1420 plurimum
506 1322 650 1399 confert
685 1325 816 1400 notitia
848 1327 1008 1407 Mathe.

61 1466 64 1471 ·
139 1427 235 1501 sensa
306 1424 420 1498 Certe
452 1419 572 1498 Moses
602 1423 641 1497 in
664 1423 916 1501 Pentateucho
943 1427 1008 1503 dir,

82 1586 85 1591 .
140 1522 250 1602 versis
268 1602 272 1618 ,
290 1521 434 1597 vicibus
478 1522 780 1622 Geographum‚
821 1522 995 1601 Astrono·

30 1663 33 1669 ·
139 1635 244 1699 rnun'r
270 1619 309 1696 &
329 1610 570 1696 Geometram
596 1619 631 1695 se
655 1620 861 1721 profitetur.
929 1626 997 1700 Pa·

141 1741 216 1817 tres
242 1741 389 1820 quoque
415 1721 457 1794 ac
479 1719 662 1821 Theologi
685 1720 891 1823 praestantes
913 1741 995 1796 tum
1030 1736 1032 1741 ’

123 1823 180 1896 'in
204 1822 353 1896 Nicaena
386 1819 559 1918 synodo,
599 1838 679 1904 turn
711 1822 749 1894 in
777 1821 994 1894 Tridentino

80 1976 85 1981 .
140 1918 311 2001 Concilio
358 1942 430 2019 ope
465 1916 619 1994 scientia
657 1916 926 2003 Astronomicae
940 1940 996 1994 ¹ac

112 2012 424 2118 .Chronologicae
461 2011 683 2119 gratillilnas
717 2006 804 2091 illas'
820 2015 997 2114 quaefflo·
1034 2097 1035 2102 ,

138 2141 207 2192 nes
233 2118 448 2206 deciderunt
475 2119 524 2195 de
549 2137 714 2217 tempore
741 2111 923 2189 Paschatis
952 2139 996 2190 ac

140 2216 369 2317 reliquorum
406 2233 451 2287 ut
482 2235 621 2311 vocant
655 2212 845 2289 mobilium
880 2192 996 2290 Festo-

141 2338 224 2391 rum
257 2312 500 2391 celebratione
537 2310 702 2410 agenda,
745 2335 817 2410 qua
851 2336 924 2387 una
955 2338 997 2390 re

141 2415 258 2490 totius
286 2409 515 2499 ⁸Christianae
557 2406 777 2508 Reipublicae
823 2413 914 2488 ordo
954 2437 998 2488 ac

142 2510 358 2614 gubernatio
398 2509 624 2583 continetur.
697 2509 793 2608 luris
829 2510 998 2596 Consulti

141 2636 219 2687 non
242 2630 325 2683 raro
351 2628 445 2779 opus
468 2608 607 2682 habent
632 2605 998 2699 Geometria,Arith·

142 2708 279 2786 metica
309 2705 347 2780 δι
398 2706 510 2780 tatica
542 2707 579 2780 in
604 2707 844 2805 dijudicandis
874 2700 1000 2784 litibus

21 2811 24 2814 ’
144 2809 241 2883 circa
279 2826 450 2922 agrorum
468 2851 495 2894 ,..
521 2802 701 2904 sylvarum
738 2830 782 2884 ac
816 2809 999 2885 ditionum

144 2905 259 2992 fines,
285 2920 382 3001 circa
402 2886 539 2990 debila,
564 2905 602 2980 δι
627 2906 807 3006 pondera,
831 2926 1001 2981 acmen.

143 3002 243 3079 suras
266 3003 434 3079 exortia
492 3005 640 3080 Medico
675 3027 872 3104 corporum
897 3028 1001 3082 cura·

144 3105 286 3181 tionem
324 3104 627 3196 committendam
661 3100 731 3176 elle
763 3122 875 3204 negat
909 3103 1014 3178 Gal·

143 3199 275 3293 tenus,
312 3200 376 3284 nit
413 3200 589 3281 astrorum
625 3196 746 3278 fluxus
783 3201 822 3279 dt
856 3221 999 3303 tempo·

916 3325 1000 3378 rurn
