2086 3682
62 173 65 196 .
138 136 224 240 382
314 112 443 240 Caput
484 58 590 211 VIIssv
616 102 876 236 Astrommia.

114 279 213 369 *sum
239 308 285 360 ex
307 309 382 365 uno
409 285 602 359 h'oriznnte
624 285 661 358 in
688 283 826 373 alium,
851 308 898 367 ex
922 302 997 377 nno¹

138 386 343 463 Meridiano
359 387 404 458 ad
425 385 534 486 alium
558 386 862 484 progrediantur,
887 404 998 486 atque

128 488 191 583 ‚ita
206 505 328 558 motus
348 486 487 583 primus
503 480 715 563 eunitarum
732 483 886 559 fiderum
909 484 997 560 sem·

138 609 204 687 per
220 585 390 683 incipiat,
417 582 627 682 semperque
655 581 822 677 finiatur,
842 607 894 660 ac
917 582 996 659 ubi·

77 698 89 719 ‘
124 677 210 781 ‘que
235 703 410 756 terrarum
437 705 458 753 e
484 688 652 779 quatuor·
680 682 875 782 &viginti
896 685 998 760 horis

24 782 31 790 ’
139 781 291 883 singulas
316 792 508 855 numerare
534 780 655 854 liceat.
705 781 784 880 Jam
800 805 891 858 vern
907 798 1007 880 tem-2

43 937 52 949 ,
138 905 231 985 pus,
265 902 343 978 qno·
373 877 422 954 soi
455 881 501 955 ad
538 880 780 955 Meridianum
821 877 995 980 adpellit,

139 983 307 1081 quamvis
348 980 449 1052 omni
489 977 572 1054 loco
615 980 806 1054 Meridiem
838 980 996 1079 promul·

17 1133 19 1140 r
138 1098 225 1181 get,
259 1101 326 1180 pro
355 1076 522 1152 locorum
555 1099 678 1153 tamen
721 1081 903 1172 varietate
934 1105 995 1154 va·

136 1182 232 1266 rium
257 1175 317 1250 est.
394 1176 493 1259 Hinc
520 1178 729 1277 contingit,
760 1199 804 1250 ut
828 1173 907 1279 q'nae
932 1181 997 1255 uni

138 1277 223 1354 loco
248 1276 466 1357 duodecima
477 1324 498 1383 ,¹
515 1299 560 1350 ea
582 1279 667 1377 ipia
681 1275 722 1348 fit
746 1275 837 1363 illis,
861 1280 924 1376 qui
949 1281 996 1353 ad
1026 1338 1030 1343 .

42 1442 46 1453 ,
136 1377 334 1453 Orientem
349 1396 532 1475 vergunt,
546 1376 813 1474 pomeridiana,
826 1378 890 1475 qni
905 1400 994 1454 vero

137 1476 184 1551 nd
197 1476 441 1562 occidentem,
453 1475 749 1548 antemeridiana.
799 1481 926 1574 Atque
942 1475 999 1555 rei

62 1568 64 1573 ’
136 1576 245 1669 hujus
264 1576 469 1674 ignorantia
487 1593 566 1645 turn
583 1574 619 1644 in
634 1568 993 1672 Chrnnologia,'tum

136 1676 174 1770 in
188 1672 370 1769 eclipfium
387 1693 553 1770 tempore
571 1671 850 1746 determinando
860 1676 898 1746 in
913 1698 990 1775 gra.

57 1832 60 1841 .
85 1805 86 1809 ¹
136 1795 203 1847 ves
218 1794 290 1845 non
304 1792 385 1844 raro
400 1792 541 1849 errores
556 1770 759 1868 precipitat
774 1792 850 1858 eos,
865 1781 930 1872 qui
947 1776 993 1851 ad

135 1869 423 1947 Meridianorunt
449 1868 733 1957 'diverfitatem
769 1870 807 1944 ἃ
835 1875 995 1950 maxime

61 2006 64 2014 r
135 1972 184 2049 ad
208 1971 397 2066 primum,
424 1990 444 2070 a
469 1990 544 2066 quo
572 1965 791 2068 respondens
815 1991 918 2047 certo
941 1972 994 2051 io·

187 2092 233 2146 co
247 2067 483 2143 meridianus
504 2070 685 2141 numerari
703 2069 845 2164 Jcoep'it,
871 2072 949 2148 Me·
976 2120 979 2127 ·

317 2167 495 2239 ridianum
514 2189 589 2261 ηομ
611 2167 817 2242 attendunt.
844 2164 846 2172 '

52 2376 60 2397 ·
237 2343 405 2449 Sequitur
432 2337 524 2418 Pars
555 2338 608 2418 II.
649 2324 894 2437 Astronomiae.

515 3218 582 3319 ’·,
715 3216 987 3333 Tomi.
