2086 3682
382 146 641 267 Grogropbio.
865 181 946 263 125

93 314 247 389 humani
280 317 422 413 generis
456 314 691 389 incrementis
725 313 838 389 auuae
872 315 951 390 fue·

92 418 184 499 rint,
213 435 319 489 novae
342 417 481 491 rursum
507 438 571 512 per
593 414 733 490 vicinas
758 434 872 489 terras
892 440 952 489 co·

91 513 200 588 loniae
224 509 360 601 dudiae,
393 517 480 589 novi
518 512 644 612 populi
670 515 811 601 exorti,
846 538 952 592 novae

91 614 318 713 provinciae,
357 636 456 688 nova
487 636 597 714 regna
624 611 706 686 sunt
731 610 948 702 constituta,

91 736 172 812 qua
197 734 287 788 mox
302 709 415 790 altera
441 714 612 817 periodus
635 713 756 812 palam
779 710 900 792 faciet.
959 750 967 767 s

472 889 511 1013 i·
541 890 597 985 V·
666 909 669 918 ’

148 1085 328 1183 Secundo
364 1084 554 1179 Periodus
575 1083 688 1178 orbis
713 1078 891 1178 habitui.

470 1276 613 1364 xer.

362 1451 679 1570 Europm

91 1593 232 1752 Haec
260 1617 432 1717 periodus
468 1644 490 1693 a
523 1620 748 1693 Monarchiae
776 1621 953 1695 Romanae
1038 1690 1042 1701 .

207 1717 359 1791 exordio
382 1720 527 1791 initium
553 1719 673 1806 ducit,
702 1718 740 1792 ὅ(
765 1721 812 1793 ad
836 1720 954 1792 Caro-

91 1812 114 1887 li
141 1816 195 1888 M.
224 1835 370 1888 artatum
394 1816 427 1891 se
455 1819 631 1892 extendit.
692 1819 837 1915 Europa
868 1818 955 1900 heic.

88 1915 247 2012 primam
273 1912 392 1988 sedem
417 1936 589 2017 occupat,
614 1935 746 2015 utpote
768 1939 848 2015 quae
871 1915 954 1995 Asu

88 2034 332 2184 paganorum,
354 2013 535 2113 ipsiusque
560 2011 665 2088 elesti
686 2040 707 2086 a
731 2015 813 2086 Deo
840 2010 956 2111 popu-

102 2112 114 2183 i
149 2109 310 2209 flagitiis.
337 2113 376 2184 in
407 2114 548 2183 ruinam
582 2132 723 2208 prona,
764 2109 801 2184 δι
830 2111 955 2189 Airica

89 2209 305 2286 idololatriis
332 2233 376 2284 ac
401 2207 510 2283 i'oedis
538 2204 844 2308 superstitionibus
870 2230 955 2282 con-

89 2313 296 2399 taminata,
335 2311 571 2408 barbarieque
592 2305 790 2407 oppressa,
831 2304 970 2397 sensim·

44 2462 46 2469 -
93 2430 206 2510 caput
242 2408 277 2480 su
306 2432 346 2485 ra
377 2409 536 2509 reliquas
567 2408 732 2494 extulit,
768 2407 962 2509 rebusque

89 2508 197 2610 gestis
228 2434 398 2581 inciaruit
432 2532 444 2598 3
485 2507 698 2581 monarchia
730 2533 752 2585 a
788 2507 955 2599 Graecis,

90 2630 255 2713 quorum
287 2609 453 2704 potentia
495 2608 675 2707 corruptis
706 2605 743 2680 δι
778 2606 956 2703 ἀὶιίῖοἱυῑίε

87 2709 254 2785 moribus
281 2707 458 2780 continuo
491 2708 526 2801 in
552 2730 712 2806 praeceps
738 2707 791 2783 ire
818 2706 955 2811 coepit,

89 2808 134 2882 ad
159 2809 350 2883 Romanos
384 2808 576 2903 migrante.
644 2804 834 2887 Termini,
879 2803 959 2899 qui·

87 2907 156 2980 bus
178 2909 324 3005 Europa
337 2902 502 2978 universa
526 2904 746 2991 continetur,
756 2904 800 2981 ab
821 2898 954 2974 Orien.

87 3025 125 3080 te
150 3030 224 3106 qua
249 3000 339 3079 Assae
366 3004 541 3103 jungitur,
565 3003 646 3078 sunt
667 3027 767 3077 mare
780 3003 960 3105 AEgeum,·
1024 3016 1025 3021 ’

89 3125 226 3205 pontus
257 3102 452 3203 Euxinus,
486 3103 621 3178 Tanais
656 3103 693 3181 dr
729 3100 848 3176 Obius
887 3095 968 3196 flu·-

89 3202 139 3282 rii
163 3232 177 3289 ,a
209 3229 234 3288 a
260 3199 418 3289 Meridie
448 3225 550 3285 mare
581 3202 767 3284 internum
792 3198 951 3377 soudmu-
1021 3286 1024 3291 ,

314 3330 352 3356 ’·
441 3350 446 3359 ’
724 3326 728 3333 ’
884 3318 951 3382 ltu
