2086 3682
238 120 291 219 δέ
317 114 552 237 Genealogio
565 111 779 223 Medicina.
891 148 941 221 11

48 300 52 309 ⁴
87 283 150 359 nis
174 280 286 362 libros
325 286 370 360 ab
395 287 550 360 Ezechia
576 289 677 386 Rege
702 283 804 360 fuisse
820 286 947 367 rubla-

93 407 155 461 tos
178 386 259 478 (alii
283 387 434 460 tradunt
449 385 519 460 esse
544 383 776 479 combustos)
802 411 883 462 eam
897 394 946 466 ob

90 485 266 570 caustum,
284 487 383 583 quod
408 486 555 576 plurimi
578 486 633 571 iis,
660 508 740 581 quae
766 484 839 560 illic
865 513 949 566 con·
994 484 997 489 ’

90 585 428 685 fignatai'uerunt,
462 585 737 659 medicamentis
768 608 813 658 ac
840 588 949 682 phar·

93 688 208 763 mucis
233 686 279 758 ad
304 683 594 783 superstitiones,
628 684 667 757 δι
694 685 948 764 immortalita-

85 809 173 863 ·tem
203 785 399 883 quamdam
429 784 642 888 corporibus
665 781 734 858 sois
754 785 949 863 concilian-

91 888 179 965 dam
200 885 448 960 abuterentur.
599 904 602 909 ·

493 1060 560 1132 IV.

130 1224 136 1233 ·
171 1186 315 1259 Interea
338 1203 429 1257 vero
450 1180 618 1256 homines
643 1183 834 1263 vivacibus
861 1185 951 1278 illis,

51 1340 53 1345 -
96 1308 191 1387 quas
210 1304 337 1359 recens
359 1281 508 1355 condita
533 1280 642 1356 telius
665 1284 789 1380 primis
808 1286 952 1371 habita,-

90 1384 241 1459 ¹toribus
292 1380 602 1465 subministrabat,
646 1382 826 1459 alimentis
872 1404 951 1463 tan·

100 1506 212 1583 quam
230 1482 326 1556 uite
360 1481 398 1553 in
425 1502 545 1553 aevum
578 1480 763 1555 trahendae
786 1483 952 1581 praesrdiis

98 1581 287 1662 destituti,
320 1582 519 1654 accedente
546 1577 669 1677 iaepius
698 1583 791 1656 aeris
813 1578 951 1659 'intem-

98 1678 214 1801 perie
236 1681 275 1754 ἃ
299 1680 400 1779 quod
420 1680 537 1781 magis
552 1680 704 1766 noxium
727 1678 790 1768 est,
810 1684 951 1761 ventris
1003 1699 1008 1711 ·

96 1780 283 1883 tuginde,
312 1799 440 1853 contra
472 1778 698 1876 insurgentes
727 1784 875 1857 morbos
908 1784 956 1860 de

99 1879 254 1959 medelis
282 1896 455 1973 certaque
486 1879 655 1950 medendi
682 1882 859 1954 methodo
888 1886 953 1958 cit·

101 1978 326 2079 cumspicere
342 1992 548 2072 coeperunt.
609 1976 750 2056 Primus
765 1977 867 2051 fuiffe
887 1981 956 2055 fer·

101 2100 167 2155 tur
186 2078 225 2151 in
253 2073 398 2148 Gracia
421 2068 555 2172 Apollo
580 2076 749 2159 nomine,
772 2074 895 2171 postea
916 2080 955 2154 in

100 2178 269 2257 Deorum
293 2164 463 2247 falsorum
484 2192 679 2245 numerum
706 2170 959 2272 asuperstitio·

102 2276 142 2355 sa
166 2294 278 2377 gente
304 2271 461 2358 relatus,
520 2271 558 2343 ui
593 2267 804 2371 diligentius
827 2274 959 2351 hetba-

103 2392 189 2453 rum
209 2376 286 2448 vim
312 2371 351 2446 ἃ
376 2371 483 2445 dotes
494 2295 686 2467 dctutatus
713 2394 759 2446 ex
783 2372 825 2446 iit
850 2375 958 2487 ptiar.

105 2498 213 2551 mata
237 2494 365 2572 parare
393 2492 453 2544 coe
481 2471 535 2556 it,
572 2470 671 2543 unde
684 2472 879 2571 Medicinae
903 2476 959 2551 in}

101 2569 242 2651 ventor
262 2566 386 2671 paffim
411 2494 680 2656 terebrabatur,
711 2592 821 2667 quem
841 2575 893 2649 ita
913 2574 960 2653 de

100 2672 151 2753 se
165 2691 357 2767 canentem
384 2667 544 2763 Ouidius
561 2667 756 2767 producit:
778 2670 836 2764 (i)

178 2806 181 2811 ι
205 2845 397 2926 Inventum
414 2843 589 2920 medicina
605 2866 716 2918 meum
732 2846 801 2938 est,
824 2845 964 2946 opifex.

441 2990 506 3072 que
523 2985 592 3068 per
610 2960 727 3042 orbem

825 3143 967 3257 Dicor,

104 3208 110 3217 Ι
188 3206 250 3351 (si)
272 3266 340 3337 Lib.
352 3287 383 3336 1.
391 3202 603 3357 mimorum
