2086 3682
159 128 162 132 .
276 138 330 227 H
331 138 463 253 istoria
478 88 683 250 xlldrllrefiu
867 170 918 261 17

59 308 194 407 cuique
219 324 463 388 eventurum,
491 305 530 378 ἃ
558 329 632 404 quo
658 302 815 405 quisque
840 304 920 385 fato

59 429 167 481 natus
195 400 295 476 effer.
354 405 410 476 l‘ta
435 401 589 478 Tullius.
662 406 803 479 Verum
829 425 920 481 ortoe

62 529 100 579 ac
125 503 304 579 florentes
333 502 431 600 apud
455 500 651 578 Chaldaeos
686 504 918 579 mathemati·

61 627 108 677 tae
133 620 260 701 artes,·
289 622 333 674 ut
358 601 531 685 memini,
568 601 716 676 tandem
747 624 794 676 ex
816 600 920 702 Aiiy·

60 705 110 778 ria
148 705 189 776 in
222 697 427 801 AEgyptum
459 703 748 799 commigrarunt
786 703 919 775 eodem

59 803 153 875 duce
179 800 403 874 Abrahamo.
479 799 552 873 Hic
575 803 671 873 enirn
699 796 796 877 fame
820 801 919 875 Cha·

60 922 224 991 nanaeam
269 900 457 997 legionem
496 896 724 984 invadente,
766 898 919 999 AEgypti

61 996 251 1074 fertilitate
277 999 454 1071 invitatus
480 994 653 1095 proficisci
684 995 772 1070 illuc
798 999 921 1071 decre·
986 1034 997 1045 ··

62 1102 131 1188 vit,
150 1119 234 1172 tum
265 1116 310 1169 ut
334 1097 502 1169 ubertate
527 1094 588 1168 soli
611 1093 815 1182 frueretur,
838 1112 920 1170 tum

61 1219 105 1271 ut
125 1199 207 1272 veri
234 1197 304 1269 Dei
329 1194 470 1268 cultum
496 1192 634 1294 populo
663 1194 701 1267 &
727 1191 920 1269 sacerdoti·

10 1378 12 1383 .
63 1301 128 1371 bus
150 1295 403 1369 annunciaret.
456 1295 541 1388 Qua
567 1318 606 1367 re
631 1289 767 1367 fadlum
794 1293 858 1380 est,
875 1310 935 1369 ut'
963 1353 968 1367 „

64 1396 195 1471 crebris
228 1395 324 1467 inter
349 1415 412 1481 eos
437 1393 741 1492 disputationibus
767 1393 919 1485 inclare·
971 1418 973 1429 ·

63 1492 187 1580 scens,
225 1513 340 1590 quum
376 1514 545 1591 magnam
582 1511 659 1565 tam
692 1489 919 1591 intelligendi

62 1616 172 1692 quarn
213 1589 408 1689 eloquendi
440 1591 669 1686 docendique
701 1589 917 1667 facultatem

11 1714 16 1737 ἱ
64 1687 268 1788 poffideret,
287 1688 577 1763 Arithmeticam·
594 1691 631 1765 ὃ(
648 1688 919 1788 Astronorniam

64 1789 217 1889 benigne
252 1787 330 1860 iliis'
353 1790 658 1881 communicarit,
694 1786 779 1861 fere
817 1786 918 1864 finili

63 1889 231 1974 ratione,
258 1910 332 1985 qua
358 1887 528 1982 Mathefis
552 1888 659 1986 periti
691 1888 825 1963 Patres·
841 1890 920 1987 qui·

12 2014 15 2025 ·
63 1987 143 2063 darn
170 2011 194 2061 e
221 1986 405 2063 Societate
428 1984 546 2061 nostra
566 2009 613 2059 ex
636 1988 783 2085 Europa
811 1988 847 2060 in
868 1986 921 2060 Sl*

63 2109 122 2164 uas
150 2081 307 2185 profedli
333 2108 407 2167 una
442 2105 527 2163 curn
559 2085 628 2154 hac
654 2084 802 2157 scientia
826 2105 921 2157 veroe

64 2183 144 2261 fidei
173 2184 298 2281 lumen
324 2184 361 2275 in
388 2204 541 2283 regnum
568 2179 657 2252 iilud
687 2182 918 2259 invexerunt.

58 2286 250 2363 Memorat
285 2284 382 2355 idern
416 2278 592 2379 josephus
608 2330 620 2367 ,
650 2281 726 2379 (g)
755 2281 920 2353 Abraha-

62 2396 163 2459 mu'm
200 2382 250 2457 ob
277 2380 429 2455 scientia
464 2381 573 2465 huius
610 2378 779 2478 praeclara
806 2381 920 2453 'docu-
997 2444 1000 2451 .

61 2504 187 2563 menta
212 2481 452 2563 al'haraone
473 2480 625 2576 AEgypti
651 2478 751 2577 Rege
776 2498 851 2563 non
878 2476 915 2549 sr·

63 2605 103 2657 ne
127 2584 278 2656 honore
301 2598 518 2676 exceptum,
553 2573 741 2674 multaque
764 2574 921 2675 pecunia

64 2674 243 2757 donatum
265 2705 303 2771 ε,
329 2677 534 2772 Alexander
566 2698 656 2748 vero
693 2673 917 2773 Polyhistor‚

64 2779 174 2876 ipsum
222 2779 360 2876 Regem
400 2772 625 2870 Astrologi&
648 2773 837 2872 praecept-is
875 2772 921 2842 ab
950 2828 953 2832 a
983 2852 985 2857 .

66 2882 274 2955 Abrahamo
299 2877 484 2949 imbutum
512 2869 653 2971 inille:
693 2873 820 2945 Petrus
848 2870 919 2944 Ra·

780 3008 785 3027 κ
836 2989 921 3040 mus

161 3123 239 3204 (e)
272 3111 383 3204 ΗΜ·
410 3112 524 3209 Cani·
617 3158 619 3163 ·

114 3276 664 3357 Brnrrorn.Dorrnsa.Lrn.IX·'
769 3266 797 3341 B
