2086 3682
238 148 546 245 Arelirelloaica
573 151 632 245 M
632 152 782 248 ilitarr‘r.
871 184 957 292 309

97 342 185 397 nem
206 315 446 395 formantibus
478 319 635 417 denique
656 323 751 395 muri
777 318 956 423 fastigium

99 419 303 516 aequabant.
361 420 418 493 De
439 418 512 492 hoc
527 439 661 517 genere
682 406 953 512 machinarum,

100 520 206 613 cujus
232 512 538 709 fregugntiffimus
560 514 748 605 cretulus,
771 520 868 593 canit
883 521 957 595 Lu·

99 638 213 693 canus
240 642 251 689 a
316 634 337 687 z

189 778 259 859 Ut
285 796 401 857 tamen
423 776 557 875 hostiles
582 776 681 870 densa
706 779 959 881 testudinem·

138 910 141 915 ’
438 925 495 977 ros
836 937 839 943 ·

167 1020 308 1113 ,Tella
343 1018 446 1119 filit
485 1027 637 1113 virtus,
670 1025 783 1100 amris
827 1026 960 1100 innexa

343 1174 346 1179 ·
426 1147 569 1245 priores

141 1282 173 1369 ἣ
201 1267 321 1353 Arma
337 1330 345 1351 x
362 1263 522 1361 serunt,
558 1261 761 1370 galeamque
801 1262 961 1365 extrnfirr

432 1392 596 1492 protegit
613 1384 724 1465 umbo.
861 1384 890 1391 ”

107 1552 242 1633 Turres
266 1554 399 1653 partim
420 1555 574 1630 mobiles
598 1576 722 1644 erant,
745 1554 878 1655 partim
893 1554 959 1630 im·

100 1651 277 1731 mobiles:
302 1650 506 1751 posterioris
532 1659 675 1756 generis
698 1652 849 1729 suerunt
876 1673 959 1735 tum

101 1752 195 1840 illa,
227 1773 307 1851 quae
332 1753 690 1853 propugnaculorum
725 1752 808 1829 loco
841 1755 961 1827 muni·

103 1852 239 1927 mentis
263 1849 491 1942 serviebant,
524 1873 605 1927 tum
632 1876 711 1941 eae,
743 1875 824 1952 quae
850 1854 959 1927 certis

103 1946 285 2024 moenium
310 1948 510 2027 intervallis
546 1950 772 2024 struebantur
801 1951 847 2025 ab
872 1949 960 2025 obfi-

104 2046 293 2134 deutibus‚
327 2048 415 2118 dum
438 2051 567 2119 urbem
593 2046 763 2121 obsessam
796 2049 961 2145 undique

102 2145 213 2227 velut
239 2142 353 2221 setam
379 2146 475 2219 inter
507 2146 599 2220 retia
636 2140 735 2217 arlie
767 2143 963 2218 conclude·

104 2246 230 2322 banca
267 2245 398 2343 prioris
422 2266 513 2319 vero
543 2242 671 2342 ligneae
705 2240 743 2316 ἃ
776 2242 964 2329 currules,

223 2340 389 2443 suprema
411 2344 688 2445 contignatione
712 2340 888 2415 militibus
908 2360 965 2416 re·

105 2367 221 2521 ms
234 2487 248 2530 ,
267 2443 400 2519 media
425 2463 550 2517 autem
580 2438 793 2545 ponticulo,
824 2438 962 2541 quisti·
1008 2476 1014 2487 ·

106 2543 188 2621 bito
219 2540 365 2614 demitti
456 2560 577 2627 terat,
616 2542 664 2614 ad
693 2560 818 2614 muros
855 2563 964 2614 occu·

106 2638 249 2745 panum
269 2637 379 2715 instro
439 2660 475 2727 s,
500 2636 626 2714 infima
651 2660 741 2715 vero
764 2636 852 2712 forti
877 2640 966 2713 arie·

107 2762 148 2819 te
174 2740 224 2816 ad
248 2739 386 2813 moenia
408 2739 607 2837 quatienda
629 2738 790 2812 munitas
826 2735 967 2810 obselsae

107 2840 195 2917 utbir
216 2835 493 2913 admovebant..
526 2837 734 2935 'Quantum
760 2831 969 2907 incusserint

108 2936 274 3017 hostibus
299 2951 439 3008 metum
463 2934 522 3021 lue
545 2934 677 3017 turres,
693 2926 860 3010 describit
879 2928 967 3045 ipse3

901 3048 965 3128 qur

121 3214 128 3237 .
249 3130 472 3245 toln-a·

447 3270 580 3350 -ua
