2086 3682
283 92 592 232 Architlbionico
609 142 752 234 Civilis.
883 170 970 261 249

108 301 334 381 modissimus
357 308 394 380 in
418 329 494 404 quo
517 305 747 384 collocentur
771 304 875 383 locus
897 310 969 384 erit

106 405 229 479 media
261 428 343 505 pars
372 405 520 505 parietis
557 405 769 483 cubiculum
799 404 968 483 clauden-

107 505 181 579 tis:
219 504 257 576 in
291 503 372 605 ipsis
397 526 522 579 autem
547 504 784 581 conclavibus
821 507 872 581 ita
897 509 966 599 dis·

106 620 315 702 ponantur,
332 624 378 677 ut
399 608 602 679 anteriores
624 605 881 706 posterioribus
902 630 964 706 op·

105 720 315 801 ponantur,
345 702 479 800 quibus
516 729 537 779 a
564 708 652 780 ettis
690 728 755 804 per
779 705 966 803 integrum

105 802 220 900 partis
249 801 441 899 cujusdam
472 728 629 902 tragum
662 799 872 904 prospellus
903 829 966 902 pa·

105 918 195 975 teat.
255 899 422 1001 Figuram
447 902 607 976 induunt
633 902 964 1073 garallelogrammi

103 1001 148 1073 ad
172 995 292 1073 telios
316 998 470 1100 angulos
496 1024 630 1099 compo
645 1002 712 1088 rei,
744 1000 808 1077 nili
839 1001 964 1077 latitu-

103 1099 151 1174 do
175 1098 317 1195 major,
350 1098 468 1197 qualis
493 1098 543 1172 est
568 1118 782 1198 portarum,
815 1103 964 1185 easdem

103 1198 256 1300 iuperne
281 1201 587 1273 concamerandas
613 1196 683 1275 eise
713 1197 869 1273 suadeat
904 1202 964 1275 Li·

101 1320 188 1377 men
212 1319 305 1372 vero
330 1297 449 1392 januae
472 1297 533 1374 vel
558 1299 712 1373 omnino
734 1295 876 1373 nullum
900 1301 963 1372 ha·

101 1395 185 1470 beat
231 1398 383 1485 tadum,
404 1394 467 1473 vel
491 1418 591 1473 certe
614 1397 875 1487 humillimum,
899 1422 962 1483 cu·

97 1494 157 1591 jus
219 1496 342 1591 titudo
366 1497 522 1597 digitum
548 1521 622 1572 non
640 1500 807 1584 excedat,
818 1522 865 1573 ne
883 1498 962 1596 quis

100 1594 234 1692 pedem
261 1592 366 1668 facile
390 1595 566 1671 offendat.
618 1598 784 1672 Exterior
809 1617 962 1672 ornatus

100 1693 364 1786 januarum&
387 1716 577 1795 portarum
610 1719 632 1769 e
653 1694 754 1797 ligno
779 1693 841 1771 vei
865 1717 960 1771 mat·

98 1814 203 1867 more
225 1791 287 1866 vel
308 1791 379 1868 alio
397 1791 517 1894 lapide
539 1794 594 1882 fit,
609 1795 688 1887 ejus
715 1818 762 1869 ue
784 1791 961 1879 {brulium

96 1888 296 1966 edodlrina
314 1892 352 1965 &
363 1891 506 1993 legibus
518 1894 673 1969 Ordinis
686 1820 851 1968 lomim.

169 2088 374 2162 Fornacum
416 2086 454 2162 &
493 2086 736 2161 Caminorum
778 2087 961 2169 inventio·

94 2210 182 2262 nern
209 2210 282 2261 non
308 2182 614 2261 Architellonicae
652 2184 722 2261 arti
759 2185 959 2272 debemus,

93 2286 153 2360 sed
180 2281 381 2363 necrffitati
407 2286 453 2362 ad
470 2283 584 2387 frigus
607 2282 764 2367 brumali
790 2302 960 2381 tempore

92 2387 316 2487 pellendum.
367 2388 495 2485 itaque
521 2385 652 2461 fornax
674 2383 865 2461 e-laminis
890 2382 960 2471 iet-

92 2485 162 2561 reis
188 2484 250 2559 vel
276 2481 358 2558 fufis
389 2486 450 2562 uel
475 2485 609 2561 malleo
634 2486 749 2583 probe
780 2481 956 2568 subaudis,

95 2605 158 2659 aut
188 2607 210 2658 e
238 2582 411 2659 lateribus
445 2585 531 2685 igne
552 2582 680 2660 codlis
712 2584 955 2670 construitur,

95 2685 132 2759 &
164 2681 390 2759 collotenus
415 2710 438 2759 a
460 2684 609 2785 pariete.
623 2702 860 2767 removetur,
891 2685 956 2753 im·

95 2784 316 2882 poniturque
341 2781 557 2868 columellis,
571 2792 659 2858 'non
683 2805 794 2857 muro.
817 2778 952 2852 solido:

117 2906 171 2961 ars
190 2884 272 2975 e'jus
288 2878 451 2977 superior·
461 2882 608 2980 quidem
626 2879 746 2967 altior,
760 2879 816 2952 sed
838 2899 953 2977 angu-

122 2984 174 3058 ‘or
184 2978 389 3056 fitz'fu'mus
404 2999 529 3055 autem
545 2979 762 3078 percanales
777 2977 953 3073 egeritur,

90 3082 140 3158 ita
164 3105 210 3156 ut
225 3083 364 3177 absque
379 3079 478 3178 ignis
498 3078 678 3153 consortio
696 3079 732 3148 in
749 3098 854 3149 auras
869 3096 953 3149 eva·

91 3180 222 3259 noscat.
274 3178 442 3255 ‘faudem
466 3178 502 3249 in
518 3176 667 3259 fornace
686 3173 861 3261 craticula
885 3193 952 3274 po,

449 3279 543 3374 (Μ
901 3271 940 3343 in
