2086 3682
138 142 243 249 14'8,
488 128 617 250 Capua
634 128 716 224 IV

139 297 302 395 denique
317 280 440 395 priscis
450 291 628 370 limitibus
641 293 924 395 nominibusque
938 295 1003 373 de·

135 395 261 570 ppfitis
283 395 322 468 in
341 417 480 541 novam
495 391 827 511 omninnformam
843 394 1009 513 repatia,

78 552 81 557 .
155 588 158 593 ³
208 518 245 569 ω
274 494 403 569 decem
432 492 604 570 Crrculos
628 492 818 568 driirrbuta
845 491 917 570 furt
940 520 1003 570 an·

137 616 189 669 no
218 598 328 683 1512ss
385 592 440 667 Ut
455 613 599 667 taceam
618 615 719 666 nunc
737 591 823 677 alias
840 586 1007 674 minoree'
1031 642 1035 651 -

136 714 339 791 regnorum
353 714 397 767 ac
414 689 781 792 Rerumpublicarum
799 692 837 767 in
855 693 1003 797 Europa

93 872 98 883 s
137 785 413 907 ricissitudines.
925 806 931 815 '

218 936 303 1013 Afia
336 959 486 1037 quoque
521 936 561 1011 in
588 934 695 1011 aliam
731 936 898 1039 migrasse
925 936 1002 1014 hoe

135 1037 316 1137 temporis
334 1035 453 1111 tratiu
471 1034 588 1112 videri
611 1033 742 1133 potest.
778 1060 782 1069 ·
806 1036 903 1113 Nam
924 1059 1003 1114 una

121 1159 185 1213 -ex
201 1156 306 1253 parte
332 1135 464 1218 Turcae
493 1130 639 1209 subatra
664 1133 804 1210 Perside
822 1160 866 1211 ac
881 1133 1011 1235 subju·f

133 1254 233 1336 gatte
257 1232 348 1309 Afiae
367 1233 538 1316 minoris,
569 1234 892 1334 adjacentibusque
914 1258 1000 1335 pro·

135 1333 268 1409 vinciis
283 1330 422 1434 septem
437 1331 664 1433 Principatus
679 1330 900 1408 fundaruntr
915 1354 1000 1411 tum

136 1431 379 1509 Othomanus
402 1429 464 1506 seu
475 1430 659 1513 Osmanus
679 1433 872 1530 imperium
901 1431 998 1511 solus

137 1532 311 1633 arripuit,
331 1532 509 1648 regnique
531 1530 653 1608 sedem
669 1530 788 1607 Prusae
808 1532 849 1605 in
870 1534 996 1632 Bythi-

134 1632 199 1706 nia
219 1629 418 1707 constiturt.
492 1630 578 1726 Ejus
592 1627 833 1731 ,Succeffores
855 1631 995 1708 Gracia

136 1752 291 1830 quoque
312 1727 512 1831 profligatis
537 1751 667 1807 manus
693 1751 840 1831 rapaces
862 1726 993 1806 Orien·

26 1901 29 1907 .
136 1828 200 1905 nuli
226 1831 384 1932 Imperio
414 1828 645 1924 injecerunt,
677 1829 783 1926 quod
806 1830 1003 1913 Mahome·.

135 1947 194 2005 tes
213 1930 257 2004 11.
282 1945 390 2032 capta
414 1923 729 2027 Constantinopoli
750 1951 837 2002 curn
862 1930 995 2030 irre'pa·

134 2027 238 2111 rabili
258 2027 548 2106 Christianorum
572 2027 706 2102 damno
726 2026 903 2116 extinxit,
933 2026 995 2105 vel

133 2129 261 2231 potius
282 2130 321 2205 in
343 2125 377 2201 se
390 2125 546 2225 suosque
567 2123 729 2226 posteros
779 2150 820 2202 er
833 2127 995 2205 immane

134 2228 238 2304 nefas
253 2224 459 2313 transtulit,
485 2223 556 2298 fixa
575 2225 725 2302 Bizantii
754 2228 822 2312 ede
836 2227 993 2327 Imperii.

107 2394 116 2422 .-
136 2327 197 2403 Ab
223 2349 269 2402 eo
292 2342 460 2423 tempore
484 2322 585 2400 foeda
610 2325 790 2401 barbaries
811 2343 930 2400 totam
943 2326 994 2404 fe·
1028 2342 1033 2351 ’

133 2449 177 2501 re
200 2423 319 2499 Afiam
342 2423 559 2499 inundavit:
585 2448 632 2501 ex
656 2423 768 2498 altera
790 2442 895 2523 parre
922 2427 994 2503 lm-

161 2523 237 2599 eria
261 2521 463 2610 Chinenie,
487 2524 722 2625 Japonicum‚
748 2522 993 2624 Mogolicum,

178 2623 255 2697 dias
283 2644 368 2695 cnm
393 2623 640 2720 adjacentibus
661 2617 801 2710 insulis,
816 2645 899 2721 quae
915 2649 994 2703 mae

133 2743 247 2823 gnam
271 2720 362 2796 Afiae
384 2742 528 2821 partem
551 2715 771 2819 conficient,
792 2723 1012 2817 Veteribus!

94 2896 98 2914 ,
133 2842 266 2920 parum
291 2825 471 2922 cognitas,
494 2819 616 2920 priora
640 2820 801 2920 primum
824 2842 992 2925 tempora

134 2916 291 2997 feliciter
315 2922 545 2997 detexerunt.

106 3118 108 3122 .
203 3064 330 3148 Africa
362 3088 438 3142 non
467 3064 590 3143 minus
613 3066 922 3168 metamorphosin
947 3090 992 3148 ea

28 3190 35 3213 =
75 3234 77 3239 .
134 3164 351 3269 tempestate
375 3164 512 3242 subiit:
543 3164 683 3246 diversa
713 3185 826 3267 caput
850 3169 992 3247 extule-
1033 3192 1035 3205 ¹

495 3290 498 3297 ·
926 3293 990 3349 *te
