2084 3698
251 132 559 311 Artiiteiionita
587 199 727 292 Civilis.
852 235 940 322 237

452 396 567 471 XL11.

298 539 493 633 Firmiter
518 539 754 649 Struiiuroe.
800 654 802 661 Ι

147 736 345 833 Quoniam
366 736 621 818 Architediura
636 741 793 831 Civilis,
824 762 868 818 ut
889 743 942 819 su·

83 836 205 936 petius
237 838 408 923 memini,
444 837 590 915 scientia
614 840 694 930 est,
723 865 804 941 quae
831 844 944 918 dotet

84 932 237 1009 aedificia
265 933 382 1022 firma,
403 941 612 1027 commoda,
636 941 674 1014 &
689 940 840 1021 venusta
855 964 944 1015 con·

83 1029 220 1108 struere
245 1031 336 1109 teste
356 1038 530 1112 Vitruvio
553 1042 627 1134 (z)
648 1040 793 1114 dicente
810 1037 946 1115 t'Ha'c

83 1145 201 1207 nutem
210 1131 306 1225 fieri
325 1150 483 1308 osuven,
509 1153 553 1212 ut
568 1132 737 1212 habeatur
759 1141 856 1212 ratio
871 1136 945 1228 fir·

82 1233 248 1321 nitatis,
273 1236 334 1306 uti
347 1234 478 1323 itatis,
495 1239 721 1328 venustatis,
751 1237 829 1315 &a
866 1262 946 1312 om·

82 1333 186 1405 nium
218 1333 340 1432 primo
364 1358 408 1408 ea
429 1333 510 1410 sunt
540 1338 591 1411 in'
609 1339 774 1412 medium
808 1337 946 1440 produ·

84 1432 226 1518 tenda,
254 1455 339 1530 qua:
361 1435 407 1508 ad
435 1431 618 1512 strudiur'ae
643 1436 856 1513 firmitatem
879 1434 943 1513 vel

84 1528 282 1605 necessaria
308 1531 390 1608 sunt
423 1534 485 1608 vel
506 1536 636 1625 utilia,
670 1537 806 1613 scilicet
827 1555 943 1611 mate·

85 1631 146 1703 riae
167 1628 358 1720 deletrus,
385 1630 544 1714 struendi
563 1638 784 1727 methodus,
813 1633 944 1711 funda·

87 1730 204 1804 menti
242 1730 397 1823 jaciendi
440 1736 559 1823 ratio,
596 1736 634 1810 dc
671 1734 757 1812 tedii
793 1735 942 1811 fabrica.

89 1830 216 1924 Quare
234 1828 373 1931 lapides
395 1833 585 1909 cenientut
607 1837 761 1937 optimi,
786 1838 850 1936 qui
864 1833 943 1909 teli·
982 1835 985 1841 '

90 1928 174 2027 quis
194 1928 326 2004 duritie
346 1930 538 2030 prestant3
560 1935 613 2008 ita
642 1960 663 2009 e
690 1936 876 2033 quadratis
900 1950 947 2006 ut

87 2046 249 2114 vocant,
277 2030 395 2127 iisque
419 2030 655 2128 amplioribus
675 2031 804 2105 latomi
832 2054 944 2129 opera

87 2127 191 2227 prius
220 2125 430 2228 praeparatis
453 2123 658 2200 firmissimae
690 2127 814 2223 moles,
837 2150 946 2243 coag-

88 2245 314 2301 mentantur.
365 2226 435 2300 His
462 2224 523 2301 vel
545 2223 800 2303 deficientibus
818 2222 880 2300 vei
895 2246 949 2300 nr·

87 2326 206 2399 mium
226 2324 387 2425 pretiosts
407 2326 570 2401 adhiberi
589 2325 705 2403 solent
729 2325 862 2402 lateres
886 2346 950 2399 co·

90 2421 150 2513 oi,
170 2448 330 2526 quorum
358 2425 485 2525 ingens
505 2427 580 2501 hoc
603 2427 643 2502 in
669 2428 820 2530 negotio
845 2448 948 2502 emo·

89 2524 321 2611 iumentum,
347 2522 371 2605 st
402 2543 489 2624 apta
514 2549 561 2601 ex
581 2530 733 2602 materia
756 2522 947 2629 compotiri

89 2622 259 2725 legitimo
275 2644 443 2722 tempore
463 2627 621 2725 igneque
644 2623 844 2703 sufficiente
869 2624 945 2699 fue-

90 2725 163 2798 rint
193 2720 289 2798 tosti.
362 2724 455 2799 Sunt
486 2726 549 2824 qui
581 2748 645 2801 eos
670 2725 857 2826 quadratis
883 2742 950 2797 aut

91 2822 389 2925 equiparandos,
413 2824 610 2898 autetiam
639 2823 881 2924 praeferendos
899 2842 950 2894 at·

91 2923 278 2997 birrantur
302 2943 348 2995 eo
370 2928 415 3000 ex
437 2925 578 3023 capite,
601 2926 702 3023 quod
723 2924 789 2997 sint
807 2920 877 2996 illis
898 2917 950 2996 le·

91 3026 237 3108 viores,
258 3023 462 3117 expeditius
486 3021 744 3124 disponantur,
773 3019 954 3119 quodque

93 3124 231 3197 herum
261 3141 338 3219 ope
369 3141 495 3196 muros
536 3120 744 3223 graciliores
777 3117 955 3233 reliquie,¹
1029 3210 1032 3217 Ι

758 3260 760 3265 .
886 3236 950 3297 ml·

201 3338 267 3418 (a)
294 3335 362 3403 Lii.
375 3357 403 3407 1.
423 3335 533 3421 Capu·
