2086 3682
368 155 628 273 Astronomt'a‘.
856 180 942 271 425

91 348 165 425 que
190 323 272 399 luos
292 321 453 400 intanta
481 347 605 397 retum
635 327 763 399 umbra
785 329 945 426 patimur

89 440 229 501 malles.

468 600 605 674 tvv1.
657 562 683 618 ·’

162 723 308 797 Lunam
336 721 476 818 antiqui
504 720 592 795 telle
614 718 811 797 Plutarcho
834 728 945 804 coele-

88 818 179 897 ilem
208 839 341 894 tetram
369 842 657 919 nuncuparunt,
689 848 758 897 nec
793 828 946 903 omnino

47 964 50 969 ·
89 922 238 1019 inepte,
271 941 385 1016 quunt
406 917 529 992 lunam
551 919 620 994 elle
637 933 858 1023 terraqueam
885 926 945 1001 seu

86 1014 315 1121 potiffimum
349 1039 396 1093 cx
423 1018 614 1092 elementis
641 1040 745 1094 terrae
777 1024 815 1095 &
843 1048 946 1123 aque

89 1115 354 1219 (plustamen,
373 1140 484 1215 quam
503 1116 621 1191 nostra
641 1117 725 1204 fint,'
737 1120 879 1195 finceris
905 1126 946 1199 &

89 1211 312 1316 defoecatis)
329 1215 566 1314 compofitatn
587 1216 668 1291 satis
679 1222 838 1316 prodant
853 1223 948 1317 ejusd

89 1316 176 1391 dem
194 1316 302 1389 dotes
321 1338 406 1388 cum
429 1315 559 1415 globo,
587 1339 697 1414 quem
713 1318 945 1410 habitamus,

91 1412 498 1496 terrestricomtnunes.
565 1416 623 1488 Est
643 1419 740 1491 enim
762 1418 847 1494 luna
867 1445 948 1495 cor·

89 1538 166 1617 pue
183 1520 353 1614 opacum,
370 1516 534 1614 partibus
556 1515 822 1615 heterogeneis,
840 1519 948 1617 liqui·

89 1616 148 1691 uis
177 1613 216 1688 &
249 1612 385 1699 solidis,
406 1613 467 1687 seu
497 1609 727 1702 fluminibus,
765 1621 952 1704 maribus,

89 1712 279 1790 montibus
318 1712 357 1786 &
382 1712 537 1789 vallibus
567 1712 770 1802 refertum,
813 1716 950 1814 suaque

92 1813 233 1915 gaudet
255 1811 505 1911 atmosphaera.
551 1811 699 1914 Singula
721 1836 764 1888 ut
787 1816 826 1887 in¹
850 1840 949 1891 cotn-

90 1911 228 2017 pendio
249 1912 453 1995 exhibeam,
472 1910 611 1993 lunam,
624 1936 757 2012 corpus
772 1912 842 1987 ell'e
863 1939 952 2015 opa-

92 2034 180 2087 cum
203 2012 370 2085 dubitate
385 2007 485 2082 nefas
508 2006 577 2091 est,
599 2031 713 2104 quum
731 2014 850 2085 radios
868 2012 951 2089 solis

86 2128 269 2209 ‚exceptos
295 2107 420 2184 vetius
448 2125 582 2181 tetram
616 2101 807 2180 reticeat:
850 2128 955 2207 caret

91 2210 195 2287 enim-
214 2211 360 2307 proptio
383 2205 543 2291 lumine,
568 2204 739 2281 &omne
767 2209 866 2305 quod
889 2232 953 2283 no·

92 2307 378 2408 bielndulgeua
402 2305 473 2381 sole
495 2324 668 2380 mutuum
690 2306 836 2402 accipit.
877 2308 951 2383 Lu·

94 2432 140 2485 ce
165 2406 298 2482 clarius
317 2408 389 2481 hoc
415 2402 662 2480 demonsttant
682 2402 842 2504 eclipses,
860 2428 953 2507 quas

119 2509 236 2583 atitut
258 2505 357 2579 luna.
444 2505 553 2603 uippe
573 2501 595 2576 fi
616 2522 712 2580 terra
727 2502 837 2579 lolem
857 2509 955 2587 inter

93 2530 143 2684 gt.
158 2604 284 2683 lunam
317 2600 415 2679 resta
441 2604 645 2677 intercedat
668 2601 790 2690 linea,
818 2608 955 2697 radios·¹

94 2729 170 2805 que
191 2703 348 2789 solares,
375 2704 440 2801 qui
463 2702 588 2776 lunam
610 2699 817 2776 collustrare
846 2704 956 2779 debe·

95 2806 214 2891 bant‚·
235 2805 462 2901 intercipiat,
479 2825 524 2874 ea
541 2802 641 2900 prius
664 2798 847 2900 splendida
865 2823 955 2877 tunc
1012 2768 1041 2854 ¹

96 2904 197 2979 unni
212 2900 351 2975 lumine
369 2899 540 2974 destituta
558 2898 723 2997 squallet.
775 2900 881 2975 Patet
895 2916 963 2975 aui

97 3019 200 3089 τοτα,
231 3000 357 3093 lumen
394 2994 615 3097 potissimum
657 2998 752 3074 inter
790 3001 964 3075 tenebras·

99 3098 134 3174 se
152 3100 311 3205 prodere
330 3096 473 3197 fulgore
495 3096 584 3170 suo:
612 3120 726 3194 quum
744 3097 856 3201 igitur
872 3098 968 3193 luna·

100 3199 138 3277 ln
152 3201 286 3278 umbra
307 3194 447 3273 telluris
468 3194 604 3296 sepulta
622 3196 707 3275 luce
733 3208 971 3375 careat‚¹pa·'

91 3334 94 3339 ·
900 3318 961 3373 am
