2086 3682
204 134 512 249 Antinoum
538 156 745 247 uatum.
856 186 941 274 27³

72 323 214 402 'seuiim
234 341 320 402 nata
340 320 491 399 fiuemnt
511 320 806 422 propugnacula,
832 322 870 397 δι
896 344 943 399 ex
1011 412 1014 417 ¹

88 427 146 502 his
166 426 223 500 iot
269 448 320 508 ra,
333 445 418 521 quae
443 424 598 498 dicimus
617 422 857 509 munimenta,
866 424 946 525 qui·

87 526 157 602 bus
182 524 233 601 ho
260 524 383 598 iedum
400 521 559 624 superbit
570 520 729 597 Bellona

460 699 499 816 t.
535 699 587 789 11.

139 854 272 955 Nouo
288 859 519 995 Munitiunis
534 881 699 984 portas,
727 859 906 954 uocabulo

362 1003 410 1081 θ’
431 1001 681 1097 fundamenta.

177 1214 183 1221 ·
289 1176 305 1269 J
455 1184 610 1259 XLVii.

89 1288 235 1487 ltague
258 1305 390 1390 reiiffis
410 1333 581 1399 vetetunt
610 1317 858 1392 munitionum
887 1341 944 1391 ru·

187 1413 330 1501 eribus,
350 1434 405 1489 ut.
422 1416 469 1491 ad
495 1434 680 1494 amoenam
712 1419 750 1493 dt
775 1416 945 1494 artificio·

90 1512 177 1603 um,
200 1535 283 1613 quac
307 1514 418 1590 hodie
436 1515 474 1590 in
493 1514 559 1589 usu
583 1516 652 1605 est,
679 1516 947 1591 Architeiioni-

90 1635 143 1688 cae
162 1614 331 1688 Militaris
357 1610 513 1690 formam
535 1619 686 1717 propius
707 1621 945 1705 accedamus,

88 1709 190 1789 uoffe
210 1732 377 1812 oportet,
403 1715 555 1791 eosdem
578 1716 667 1791 huic
687 1714 839 1792 scicntiae
865 1740 944 1819 pra·

90 1807 356 1886 &icanataies
388 1812 553 1914 obtigiffe
568 1844 601 1903 ,·
621 1817 685 1914 qui
713 1816 800 1901 aliis.
873 1818 945 1892 Pri·

88 1932 194 1985 mum
211 1914 307 1986 enim
329 1913 539 1988 hominibus
564 1914 624 1987 fim
655 1915 740 1988 lices
767 1918 944 2012 quasdam

87 2010 359 2099 munitionum,
390 2012 524 2107 quibus
557 2010 591 2084 se
617 1939 675 2083 iiia
707 2036 753 2084 ue
776 2012 945 2087 ‹infende-

62 2128 192 2203 πυτ,
220 2109 318 2183 ideas
347 2104 537 2197 neceffitas
560 2105 682 2207 sugge,
697 2129 751 2183 n:
780 2132 861 2182 tum
882 2110 947 2186 ho·‘

87 2206 199 2291 stium
227 2206 297 2283 sese
329 2208 597 2310 opponendum
643 2206 817 2307 sagacitas
847 2210 945 2307 ingo-

86 2309 192 2383 nium
216 2306 334 2383 acuin
358 2332 456 2384 nova
474 2305 621 2406 -iemper
648 2307 800 2382 inventa
819 2306 946 2405 priori·

87 2407 160 2481 bus
176 2403 325 2481 fiterunt
344 2409 479 2494 addita,
495 2406 565 2482 aiia
583 2401 946 2507 emendata-reio&

87 2505 160 2581 aiia
189 2525 364 2605 tanquam
383 2511 504 2582 minus
527 2506 643 2593 utilia,
667 2510 860 2606 minusque
883 2505 948 2582 fini

87 2602 237 2706 proefixo
252 2626 337 2705 apta
352 2632 360 2675 ε
376 2609 536 2704 denique
558 2607 695 2679 notatis
709 2607 832 2680 sedulo
847 2629 946 2682 cotu-

88 2706 210 2781 modis
234 2700 539 2789 incommodisve,
561 2705 760 2779 accedente
775 2703 892 2778 studio
908 2706 947 2779 dc

89 2801 289 2891 industria,
312 2825 356 2876 ac
379 2804 571 2902 presertim
607 2801 815 2878 Matheseos
837 2805 944 2879 udmi·

88 2902 214 2979 uiculo
249 2925 309 2976 res
336 2920 417 2976 tota
444 2902 481 2976 in
503 2902 668 2977 ordinem
693 2897 839 2977 renato
869 2899 949 2990 eii,

88 3005 275 3102 certisque
313 3000 455 3103 legibus
495 2999 791 3101 circumscripta,
830 2999 966 3077 donce-

88 3103 253 3177 numcris
295 3103 464 3176 omnibus
490 3097 654 3191 absoluta
691 3098 857 3175 militatis
883 3104 950 3181 At·

91 3196 301 3278 chitediurae
324 3199 469 3276 scientia
491 3200 623 3300 priori,
647 3199 792 3300 hocque
812 3194 947 3301 potiffi·
983 3271 986 3274 ,

843 3324 946 3379 mum
