2086 3682
280 126 462 250 iatam
500 141 708 257 mansa,
806 90 810 99 ’
864 149 926 258 ,69

74 294 237 395 ieniunt.
303 304 447 390 Harum
473 308 631 404 partium
656 307 822 382 omnium
848 328 926 383 tam

14 438 17 443 ·
72 397 295 499 superiorum
335 427 443 502 quam
475 403 688 480 inferiorum
722 409 926 505 proportio·
963 472 969 491 .

68 519 150 573 nem
175 522 219 586 ac
239 498 484 598 symmetriam
507 505 627 583 docet.
679 505 776 579 Tum
798 507 925 589 ichno-

67 599 292 698 graphiam,
330 605 629 711 orthographiam
664 627 708 678 ac
739 602 924 705 scenogra-

65 698 188 798 phiam
215 699 332 782 totius
359 702 499 783 ae‘dihcii
531 703 689 786 exhibet,
763 705 924 778 Demum

65 816 264 877 ornatum,
289 821 399 896 quem
426 820 566 898 portae,
596 799 780 888 fenestrae,
807 802 923 892 aula,

65 895 277 983 conclavia,
306 897 377 972 &e
400 901 471 973 toti
496 897 678 974 structura
704 899 923 993 conciliant,

63 995 229 1094 pluribus
254 994 422 1095 explicat.
484 996 667 1071 Militaris
696 997 925 1075 Architesto·

61 1098 144 1169 nita
171 1093 224 1171 est
251 1094 399 1171 scientia
416 1097 604 1169 muniendi
618 1097 762 1183 locum,
788 1099 826 1171 in
849 1121 926 1197 quo

62 1192 95 1269 se
148 1195 234 1268 auci
256 1217 341 1268 cum
364 1195 617 1283 emolumento
643 1216 772 1271 contra
801 1194 924 1294 plures
959 1202 962 1206 ’
1020 1262 1042 1291 Ὗ

61 1293 106 1366 de
145 1294 260 1377 edere
276 1292 429 1391 poffunt.
482 1296 622 1369 Primus
638 1295 742 1370 labor
757 1293 820 1378 est,
836 1292 924 1368 defi-
955 1332 961 1343 ·

61 1393 223 1491 miriones
245 1391 436 1482 linearum,
450 1395 681 1494 angulorum,
698 1397 855 1494 partium
873 1396 923 1469 in·

61 1492 242 1567 teriorum
269 1493 547 1568 &exteriorum
573 1515 761 1569 accuratas
784 1491 923 1593 profer·

61 1612 100 1665 re
125 1617 139 1664 ε
175 1588 258 1690 post
280 1593 368 1666 -haec
394 1595 624 1668 theoremata
644 1594 690 1667 de
715 1593 923 1667 munitione

60 1711 108 1763 ac
129 1690 292 1775 tuitione
320 1713 401 1765 tum
426 1693 647 1793 generatim,
672 1712 751 1767 tum
771 1689 940 1792 stagilla·

62 1789 131 1863 tim
144 1790 192 1864 de
209 1792 341 1888 quavis
364 1813 467 1891 parte
491 1792 688 1872 munienda
706 1791 745 1866 &
762 1788 924 1865 constru-
1019 1806 1022 1811 ’

59 1889 160 1963 enda
182 1890 279 1965 trad-i
308 1890 453 1966 iolenr:
488 1890 716 1989 problemata
744 1913 835 1964 vero
859 1890 922 1965 do·

62 2007 149 2068 cent
176 1989 407 2064 munimenta
427 1989 608 2065 delineare
636 1988 835 2063 secundum
857 2013 924 2063 va·

60 2086 133 2161 rias
157 2087 347 2163 variorum
371 2091 442 2163 hac
461 2089 500 2161 in
522 2108 626 2184 parte
646 2083 836 2163 illustrium
856 2089 922 2172 Ar·

61 2182 306 2260 chiteeiorun'r
330 2188 539 2261 methodos.
592 2180 809 2259 Afferuntur
831 2208 923 2282 quo·

61 2308 135 2459 iem
147 2306 332 2385 praecepta
349 2286 397 2360 ad
414 2287 486 2360 rite
500 2282 789 2384 oppugnandum
803 2305 847 2356 ac
860 2282 923 2357 de·
963 2308 965 2313 ’

98 2385 292 2459 edendum
307 2385 578 2460 munimentum
598 2379 811 2463 necessariae
831 2404 921 2484 prae·

63 2501 163 2557 terea
181 2506 257 2583 qua
269 2484 412 2559 ratione
431 2484 546 2561 aciem
570 2480 743 2557 instruere
753 2530 766 2569 ‚
782 2501 922 2558 metare

13 2670 17 2675 ,
64 2580 197 2669 castra,
213 2593 263 2682 ‘pu
292 2607 355 2657 nas
381 2585 549 2658 ordinare
573 2600 763 2682 oporteat,
788 2583 921 2683 quibus

64 2682 237 2755 omnibus
265 2609 487 2766 iubneffitur
517 2674 771 2782 Pyrotechaica
809 2680 919 2779 expli

63 2800 146 2855 cans
170 2802 217 2861 ea
229 2826 245 2867 ,
269 2803 349 2881 quae
375 2781 560 2880 pertinent
598 2781 645 2853 ad
669 2779 921 2856 machinarum
956 2826 959 2831 ·

30 2930 34 2939 .
64 2876 276 2954 bellicarum
299 2877 403 2960 usum
428 2879 467 2962 ὅ(
490 2881 586 2971 vim,
616 2900 729 2988 quam
749 2897 774 2955 a
793 2875 922 2985 pulve-
1000 2886 1039 2921 ·''

10 3055 12 3071 ,
64 2998 101 3063 te
120 2978 228 3091 pytio
254 2979 403 3087 hahent.
583 2971 588 2989 “
