2086 3682
97 186 185 295 380
412 171 539 293 capo
577 170 678 265 Vu.
742 118 785 137 ”
857 135 862 140 ’
921 124 924 129 ’

98 345 137 418 δι
152 338 361 441 quadrantis
375 337 446 413 diei
463 338 570 413 unius
583 337 670 429 (seu
685 337 855 413 horarum
867 337 953 435 sex)

97 443 178 544 post
209 438 373 516 emensos
408 447 478 532 360
503 438 712 536 AEquatoris
746 439 952 536 gradus-ad

96 544 196 617 idem
209 539 419 639 AEquotoris
432 534 606 637 punitum
620 556 836 611 revertatur.
887 546 952 615 At·

13 650 16 655 '
97 664 171 738 que
197 641 248 713 ita
272 658 396 717 motus
420 638 481 710 hic
507 634 587 711 solis
621 637 789 724 diurnus,
820 635 963 711 ficum·

96 740 246 839 proprio
269 735 471 820 misceatur,
484 734 703 834 inaequabilis
725 733 775 809 est
790 736 894 834 origo
914 736 963 811 δι’

98 834 217 912 caussa
230 834 484 934 inaequalitatis
501 833 616 921 illius,
632 857 721 933 ,quae
746 835 783 907 in
808 835 954 931 dierum·

94 934 316 1027 naturalium
329 931 426 1007 fluxu
445 951 604 1007 notatur.
655 931 807 1006 Diversa
832 935 949 1009 omni·

96 1044 146 1109 no
170 1033 222 1109 est
247 1030 353 1133 primi
369 1056 493 1125 motus
507 1033 545 1106 in
561 1030 640 1105 fixis
658 1032 826 1105 sideribus
841 1034 949 1109 ratio.

94 1135 285 1209 Namhorc
308 1131 429 1232 paullo
448 1134 554 1205 citius
565 1181 577 1219 ‚
595 1153 704 1231 quam
719 1130 849 1230 vigjriti
863 1154 951 1227 quar

75 1254 182 1311 ·‚tuor
200 1233 373 1307 horarum
392 1231 414 1305 s
431 1234 504 1304 atio
520 1231 709 1330 periodum
726 1230 821 1315 suam
839 1227 950 1305 absul-

94 1352 206 1417 vunt,
241 1331 350 1405 &ad
418 1330 649 1416 eridianum,
676 1331 772 1403 unde
798 1316 950 1429 dissreisa
979 1387 991 1403 ,

47 1473 50 1480 ·
93 1428 187 1517 sunt,
196 1433 360 1504 redeunt.
413 1430 595 1525 Quamvis
611 1428 707 1503 enirn
724 1431 872 1527 proprio
888 1426 949 1513 obi

93 1526 220 1618 motu,
239 1531 292 1618 uti
308 1527 378 1616 sol2
417 1548 539 1602 ortum
557 1526 679 1602 versus
697 1527 949 1626 progrediri·

56 1650 60 1659 ’
94 1629 269 1715 deantur,
286 1647 410 1703 tamen
427 1628 510 1727 quia
531 1647 654 1709 motus
669 1627 729 1699 hic
745 1626 883 1710 tardior
897 1624 948 1711 est

65 1820 71 1825 ¹
92 1726 170 1811 illo,
182 1750 268 1824 'quo
288 1726 336 1804 sul
361 1729 511 1837 gaudet,
523 1727 680 1825 eundem
697 1723 756 1799 iuo
776 1727 822 1801 ad
840 1726 949 1801 Meri-T

92 1828 240 1901 diarium
255 1826 395 1900 accessu'
409 1824 632 1923 praeveniant
645 1823 783 1899 neceffe
798 1822 860 1899 est.
878 1827 947 1917 ita·

47 1970 49 1974 -
92 1947 164 2024 que
190 1943 232 1997 ut
252 1924 523 2023 paucis'dicam,
543 1923 614 1997 fixa
629 1922 739 1999 fidera
756 1945 947 1999 revertun-

92 2045 154 2103 tur
169 2026 215 2099 ad
229 2025 472 2099 Meridianum
487 2044 593 2125 tqnto
608 2020 682 2098 fere
699 2024 818 2110 citius,
835 2047 947 2120 quan·

70 2146 131 2205 „to
158 2123 217 2198 lon
246 2125 300 2199 ius
327 2122 424 2211 soia
449 2123 559 2223 priori
583 2118 717 2221 punsto
759 2123 856 2197 intro
875 2123 947 2199 diei

16 2250 23 2259 ·
91 2149 266 2298 naturaiis
287 2223 376 2321 (qui
403 2221 474 2296 soie
488 2222 546 2295 'ad
582 2220 823 2297 Meridia'num
846 2245 946 2297 acce·

39 2339 41 2343 ’
91 2323 202 2397 dente
227 2319 448 2412 absolvitur)
483 2319 636 2421 spatium
659 2316 810 2394 receffit.
863 2321 946 2396 Hac

89 2423 232 2497 ratione
244 2420 437 2516 contingit,
455 2437 498 2489 ut
521 2415 631 2491 noiiu
654 2417 723 2491 alia
739 2438 859 2517 'atque
875 2419 945 2495 alia

89 2516 201 2592 fioera
224 2519 324 2592 vices
347 2516 560 2592 alternando
583 2515 756 2591 inlocum
784 2521 944 2617 priorum

74 2608 422 2704 ³succedant‚d'onec
441 2615 525 2691 anni
537 2617 643 2691 unius
658 2617 769 2715 spatio
789 2636 891 2693 totus
907 2616 944 2693 sr-

88 2717 215 2793 derum
229 2714 524 2817 exercitur-supra
536 2715 764 2812 horizontem
783 2716 942 2795 nostrum

86 2838 279 2915 tmergens
296 2816 312 2910 (
327 2816 489 2914 exceptis
504 2813 735 2902 Australibus,
749 2838 829 2913 quae
850 2815 943 2895 infra

82 2914 188 2991 illurn
214 2933 391 3014 perpetuo
415 2915 563 3012 latent)
579 2916 629 2989 'se
655 2914 758 2987 nobis
783 2917 945 3013 praebeat,

57 3014 66 3023 “
86 3013 182 3091 cuns
198 3014 393 3102 iciendum,
402 3015 558 3113 provido
574 3011 660 3087 coeli
671 3011 829 3101 consilio.
844 3018 941 3091 N'am

86 3039 227 3189 ssstefiae
243 3112 368 3214 aequali
383 3136 465 3187 cum
491 3110 562 3186 soie
572 3135 676 3186 motu
692 3114 941 3205 circumirent,

78 3212 224 3293 ‘nunniti
240 3215 347 3319 onius
359 3208 595 3313 hemisphaerii
616 3210 939 3332 lucenterincoiar

152 3346 158 3383 ι
280 3336 283 3341 ’
522 3338 525 3342 ·
884 3336 937 3388 rn-
