2086 3682
105 187 109 196 ¹
233 136 475 235 cliteiinnica
502 141 709 233 illimis.
744 232 747 241 ,
805 160 892 260 289

60 312 68 387 i
93 311 191 387 enim
218 330 394 408 peccetur
419 303 579 394 duleum
591 330 704 406 quum
728 307 789 385 sua
804 336 894 409 quo·

61 435 110 485 ue
136 411 257 489 lorica
280 411 404 483 debita
430 406 588 480 latitudo
624 406 664 479 stt
690 406 892 508 affignand‘a

65 511 112 585 de
135 533 209 608 qua
235 507 505 607 postmodum)
532 505 781 581 ambulacrum
806 510 892 585 valli

60 608 148 695 imis,
164 609 302 681 evadet
322 605 533 705 augustum,
555 628 623 689 uec
649 628 801 702 pronam
826 613 891 685 mi·

60 709 156 783 tibus
203 708 288 779 hinc
333 707 417 778 inde
456 706 748 783 commeantibus
792 708 891 783 viam

60 806 224 881 raebebi't:
253 806 274 876 st
302 800 442 879 excelsu
457 852 468 889 ,
493 804 595 878 labor
621 829 664 878 ac
692 804 830 883 sumtus
853 808 892 881 st·

60 900 88 1001 tf
100 905 261 979 utilitate
281 922 473 1004 augentur.

99 1047 384 1125 Fundamentum
409 1042 479 1122 III.
507 1048 708 1123 declivitas
733 1052 892 1127 exterior

60 1148 119 1225 nli
142 1151 184 1224 fit
208 1151 327 1223 minor
343 1146 559 1224 ¹acclivitate
585 1152 768 1225 interiore.
811 1152 890 1227 Cur

60 1252 130 1325 nim
165 1251 325 1345 ‚interint
366 1247 513 1346 aqualis
550 1247 732 1323 altitudini
782 1249 890 1348 ipsius

60 1348 117 1425 tlli
142 1347 391 1434 construatur,
417 1349 510 1422 ratio
538 1347 611 1436 est,
642 1368 687 1422 ut
712 1348 889 1425 militibus

60 1447 175 1524 utilem
200 1449 357 1548 praebeat
383 1444 561 1520 accelium
588 1448 632 1518 ud
653 1447 806 1523 subitam
822 1453 889 1525 bo·

60 1547 92 1621 is
128 1549 369 1646 irruptionem
397 1544 673 1645 depellendam.
760 1552 889 1645 ltaque

60 1644 95 1733 ili
132 1649 254 1739 minor
291 1643 531 1719 constituatur
569 1644 754 1721 acclivitas
788 1670 889 1721 exte·
940 1703 944 1708 -

60 1766 119 1832 ur,
138 1745 236 1819 idem
263 1742 423 1819 hostibus
448 1743 741 1819 emolumentum
756 1748 793 1820 in
810 1749 889 1843 ejus

60 1840 176 1918 lceusu
198 1844 300 1944 larga
331 1843 437 1918 velut
460 1867 581 1918 manu·
605 1843 644 1917 ὅ(
673 1841 800 1943 sponte
832 1844 887 1929 of·

60 1960 161 2017 artur.

60 2104 62 2109 '
105 2082 385 2163 Fundamentum
411 2080 481 2160 IV.
547 2034 684 2254 Ατῗίἰίε
710 2111 776 2185 pro
802 2090 889 2166 vulli

60 2182 299 2263 nnsttuilione
325 2182 386 2260 vel
410 2184 587 2257 maxime·
612 2187 729 2258 ervit:
767 2192 889 2286 praeci·

60 2308 148 2359 uum
174 2308 332 2385 namque
358 2284 577 2358 munimenti
599 2285 712 2367 robur
733 2285 770 2357 in
791 2285 887 2360 vallo

60 2382 186 2460 :folla
212 2383 377 2458 consistit.
450 2382 641 2484 Seli'genda
668 2384 781 2483 igitur
815 2408 890 2459 ma·

60 2484 125 2579 itia
149 2484 236 2567 huic
260 2485 382 2558 robori
407 2478 634 2558 conciliando
657 2508 766 2582 quam
786 2480 891 2585 aptis-

60 2585 130 2681 ma,
151 2604 231 2681 quae
252 2580 413 2680 profello
439 2582 489 2656 est
516 2580 655 2691 argilla,
684 2607 801 2680 quum
826 2582 887 2658 fibi

60 2676 220 2757 utillime
257 2681 462 2767 cobaereat,
498 2703 566 2753 nec
594 2681 800 2779 pluviarum
823 2680 889 2756 im·

60 2803 121 2855 etu
150 2781 187 2852 in
214 2801 375 2879 praeceps
390 2800 529 2879 agatur.
586 2782 692 2853 Unde
717 2778 816 2855 vallo
839 2778 887 2856 se·

60 2872 107 2955 tel
131 2881 184 2965 ita
206 2875 409 2953 consttqu
431 2902 505 2953 uon
528 2879 598 2953 erit
618 2902 733 2977 opus,
761 2900 804 2951 nt
828 2880 886 2955 sae·

60 2972 111 3053 lus
133 2993 352 3076 reparentur
371 2978 523 3063 damna,
550 2979 683 3076 quibus
697 2978 784 3051 alias
800 3002 887 3059 con,-

60 3102 138 3153 nuo
151 3076 203 3151 est
219 3075 431 3152 obnoxium.
482 3074 620 3169 Qtudfi
635 3097 727 3151 nero¹
738 3076 810 3149 luci
826 3101 887 3161 na,-

60 3199 112 3252 ua
120 3174 262 3252 nonnisi
278 3172 461 3250 arenosam
474 3173 885 3293 'glebamdubministretr

808 3278 888 3349 baec
