2086 3682
68 92 70 95 ’
148 172 175 222 ·.
271 46 722 233 rustam-rmnfis.¹
810 153 905 218 221

61 284 389 383 thagorasSamius
415 303 512 368 erat,
537 286 644 382 cujus
667 303 755 361 nota
777 285 828 362 est
848 289 910 364 he·

60 383 239 457 catombe
263 381 373 455 Mults
402 383 591 458 immolata
623 384 672 459 ob
703 409 838 461 novam
871 390 910 463 in

60 481 276 557 Geometria
306 479 462 582 figuram
495 483 710 571 inventam,
745 508 908 584 quare,

58 582 109 653 uti
155 582 193 653 in
230 578 340 667 aliis,
377 579 572 656 Thaletem
615 581 806 658 aemularus
846 582 909 659 est.

57 679 341 754 Arithmetic‘am
385 679 583 776 plurimum
634 679 911 780 locupletavit,

57 777 216 853 scholam
256 801 347 853 vero
378 778 586 853 Matheseos
620 779 804 879 publicam
838 782 925 878 pri··

23 928 25 935 -
57 900 138 951 mus
164 877 328 976 aperuit,
361 900 382 951 e
412 902 483 974 qua
508 877 740 977 postmodum
767 877 927 979 copiola·

57 976 407 1052 Mathematicorum
427 975 562 1052 familia
584 979 741 1076 prodiit:
767 984 913 1055 Anaxa·
975 978 979 987 '

55 1098 163 1174 goras
186 1073 461 1169 Clazomenius,
488 1076 526 1148 dc
542 1075 757 1174 Oenopides
779 1077 911 1165 Chius,

56 1198 216 1274 quorum
251 1174 420 1248 meminit
448 1171 551 1248 Plato
581 1175 621 1246 in
645 1170 912 1262 Amatoribus,

56 1277 173 1374 magis
194 1276 342 1347 noir-tine
368 1297 478 1372 quam
505 1275 754 1347 monumentis
778 1270 913 1355 relidlis

57 1373 154 1448 clari.
224 1371 344 1466 Huius
370 1370 497 1445 lcholae
523 1370 703 1472 triplicem
727 1369 829 1447 fuisse
855 1394 912 1446 or·

56 1473 178 1547 dinem
201 1469 346 1546 Gellius
368 1469 551 1544 testatur:
577 1473 737 1571 primum
760 1476 911 1557 eorum,
941 1522 944 1527 -

57 1585 115 1682 qui
142 1583 358 1665 dicebantur
393 1568 581 1662 Ακεςικοὶ,
614 1576 689 1651 hoc
717 1572 768 1650 ell
797 1575 911 1656 Audi-

57 1707 180 1774 tores,
214 1708 308 1784 quos
346 1688 541 1784 oportebat
576 1689 622 1760 ad
647 1704 790 1762 certum
819 1705 913 1760 tem·

56 1810 123 1886 pus
149 1786 276 1860 audire
299 1784 477 1859 duntaxat
503 1781 704 1862 dollrinan'i
723 1784 911 1884 Magistri,

57 1886 91 1961 dr
115 1884 272 1959 aliorum
292 1885 612 1983 percontationes:
640 1884 834 1987 postquam
850 1907 913 1959 ve·
951 1962 958 1976 ,

55 2008 93 2060 ro
118 1983 259 2058 filentio
279 1981 370 2063 ‚latis
404 2003 508 2057 erant
532 1986 695 2074 eruditi,
719 2003 801 2056 tum
830 2005 913 2056 ver·

56 2084 97 2158 ba
120 2082 246 2157 facere
264 2129 275 2167 ,
292 2093 305 2133 f
317 2084 586 2167 commentari,
620 2082 801 2178 disputare
828 2078 913 2156 lice·

57 2183 138 2270 bat,
163 2182 387 2281 patebatque
406 2179 527 2252 aditus
551 2179 596 2251 ad
621 2178 814 2254 secundam
829 2176 915 2252 clas·

57 2294 125 2366 sem
157 2290 303 2366 illorum
317 2337 343 2377 ,ἴ
362 2283 426 2386 qui
469 2277 719 2376 Μαθηματικοὶ
756 2282 916 2386 adpella-

56 2400 189 2475 bantur
212 2399 257 2473 ab
280 2399 328 2471 iis
358 2392 525 2495 artibus,
565 2420 656 2496 quas
680 2397 753 2490 jam
780 2396 916 2471 discere

57 2522 97 2575 ac
121 2499 296 2576 meditari
330 2511 549 2593 coeperant:
586 2496 768 2572 diluebant
789 2515 916 2598 autem

58 2614 135 2693 heic
158 2637 220 2691 res
245 2606 522 2688 mathematicas
552 2595 671 2690 adme
706 2596 766 2683 tol
802 2600 944 2707 voapdic¹

58 2723 257 2800 amatoria
286 2711 477 2795 abstratras
509 2709 730 2786 solamente
757 2709 916 2785 confide·
984 2782 990 2790 N

58 2830 144 2901 rare.
219 2823 384 2897 Demum
400 2809 718 2889 hisscieotiarum
737 2807 917 2906 suppetiis

59 2918 215 3001 instro&
270 2919 315 2991 ad
349 2908 376 2990 t'·
407 2913 499 2988 tium
535 2906 749 2993 Ordinem,
783 2926 917 3003 nempe

61 3025 98 3097 ad
123 3017 364 3125 percipienda
389 3006 517 3087 mundi
543 3030 680 3106 opera,
712 3005 751 3079 &
778 3024 917 3078 natnrae

61 3123 300 3220 phaenomena
326 3107 489 3218 promoti
510 3103 685 3195 luerunt,
708 3101 917 3179 audiebant·

432 3211 460 3284 B
491 3226 508 3302 3
735 3299 736 3307 ἵ
845 3219 917 3297 que
