2086 3682
136 147 215 235 90·
461 113 589 236 Capul
625 115 705 207 IV.

135 301 175 357 ta
188 329 201 370 ‚
226 278 364 381 primus
378 281 553 371 ‘omnium
577 278 673 368 fuiti,
705 280 768 376 qui
792 276 988 361 Historiam

134 382 380 481 geographico
408 377 614 454 cha'ra&ere
638 378 988 479 confignatameon·

133 479 267 579 scripfit
292 480 337 554 ab
363 479 451 553 orbe
476 480 626 553 condito
651 477 763 575 usque
780 479 827 551 ad
845 475 989 553 obitum
1019 555 1024 560 ,

133 580 238 653 suum
261 580 328 652 Ibis
365 576 464 653 mille
491 576 738 678 septingentos
773 599 816 650 ac
852 591 1026 651 novem

132 700 249 761 annos
261 673 576 777 complestentem.
628 677 742 752 Certe
757 696 836 748 tum
852 698 990 762 emun-

119 779 172 851 ·di
198 776 374 874 nascentis
400 776 651 875 descriptione,
666 795 746 852 tum
767 799 788 849 e
805 776 990 851 variarum

22 916 26 923 ·
133 876 536 977 gentium,=region‚um
560 898 604 950 ac
627 871 841 962 fluminum,
860 876 989 951 totius·

82 970 85 978 ‘
160 1000 207 1059 ue
232 976 370 1061 itineris
403 976 439 1047 in
463 995 608 1048 terram.
634 973 841 1147 promissam
866 997 988 1048 recen·

132 1000 229 1149 iione
243 1094 359 1174 patet,
385 1097 470 1148 eum
497 1097 570 1148 non
595 1071 631 1148 so
648 1098 710 1147 um
733 1072 911 1157 Historia,
929 1071 990 1148 sed

133 1175 243 1249 etiam
269 1173 512 1272 Geographiae
538 1172 597 1246 seu
625 1170 1014 1273 potius.Cosmogra·'

132 1274 228 1373 phiae
253 1271 491 1347 fundamenta
514 1271 641 1364 jecilie.
683 1269 871 1352 ‘Profanos
895 1273 990 1345 inter

84 1411 86 1415 ·
131 1372 336 1471 praecipuus
383 1371 649 1470 Geographicae
687 1368 814 1446 auiior
852 1371 990 1469 peritiae

131 1471 311 1557 Strabone
344 1469 432 1543 teste
465 1477 537 1568 (g)
573 1469 643 1545 fuit
677 1472 892 1553 Homerus:
927 1467 990 1543 hic

132 1569 196 1668 qui
223 1570 326 1642 annis
359 1567 437 1667 post
468 1568 595 1644 Mosen
632 1570 838 1668 quingentis
871 1569 989 1655 vixit,

130 1691 208 1745 non
226 1669 338 1742 modo
361 1669 505 1766 poetica
531 1671 669 1744 virtute
692 1690 819 1743 omnes
847 1666 990 1767 seprio·

75 1848 78 1857 ,
131 1787 195 1841 τος
216 1767 254 1840 &
278 1764 491 1866 posteriores
516 1765 777 1867 superavinsed
800 1768 988 1867 vitaequo·

127 1888 206 1965 qne
240 1866 356 1940 civilis
392 1868 644 1967 experientia,
682 1890 753 1964 qua
789 1865 988 1967 plurimum

131 1964 280 2057 adjutus
307 1989 380 2059 non
404 1965 704 2040 inid-duntaxat
727 1964 920 2056 incubuit,
944 1984 989 2042 ut

130 2086 254 2140 mores
280 2065 471 2161 hominum
496 2067 642 2162 penitus
655 2065 989 2166 cognoscereneoa
1011 2135 1030 2151 ,.

131 2185 204 2260 que
221 2164 282 2238 ¹ad
320 2163 567 2263 posteritatem
601 2167 896 2252 transmitteret,
929 2162 989 2240 sed
1031 2238 1033 2243 .

130 2263 243 2349 etiam
268 2262 433 2335 locorum
461 2280 540 2333 tum
567 2287 646 2358 quae
668 2263 886 2362 lingularum
908 2262 991 2363 sunt

129 2362 350 2459 regionum,
386 2378 466 2432 tum
502 2360 618 2432 totius
653 2382 725 2457 qua
758 2358 832 2434 late
861 2363 990 2439 incoli·

129 2476 204 2545 tur,
220 2479 397 2533 terrarum
416 2456 525 2542 orbis,
552 2458 736 2557 marisque
762 2461 931 2537 notitiam
950 2461 990 2536 li·

128 2557 167 2647 bi
200 2557 237 2631 δι
261 2554 337 2637 aliis
361 2554 586 2654 exploratam
620 2555 835 2634 familiarem
861 2562 989 2637 redde·
1014 2596 1033 2657 χ

128 2675 221 2753 ret„
256 2651 424 2737 proferto
451 2653 597 2740 iliadem
625 2658 778 2733 Homeri
803 2682 845 2741 ac
871 2658 933 2734 Od
961 2658 986 2733 s-

123 2754 225 2856 ‘seam
251 2751 415 2829 lustranti
445 2754 598 2829 dubium
629 2755 699 2830 effe
731 2780 804 2832 non
835 2686 960 2858 poteg
972 2804 987 2847 ‚
1021 2780 1025 2785 ·

126 2854 219 2952 ‘quin
256 2875 331 2927 non
356 2856 468 2931 modo
492 2853 761 2944 Astronomiae‚
799 2878 988 2933 motuum·

128 2975 201 3049 que
226 2950 440 3042 coelestium,
451 2975 494 3028 ut
506 2953 589 3028 alibi
613 2955 782 3045 diximus,
795 2956 854 3032 led
874 2959 987 3033 etiam

126 3052 312 3129 variarum
344 3055 573 3152 regionum,
607 3054 798 3146 marium,
828 3056 1000 3157 populo-‚1

787 3226 792 3237 .
836 3188 838 3193 ’
886 3179 990 3247 rum),

187 3328 190 3333 ¹
228 3245 300 3331 (ς’)
325 3222 778 3335 ztl.1.'rcrurnorograpltc.
