2086 3682
90 138 174 228 104
331 108 460 225 Caput
480 74 567 199 'JV
605 102 772 199 Fabricii

166 270 292 347 Altera
322 268 420 372 chyli
451 273 490 347 in
516 270 724 370 sanguinem
757 267 827 354 fir,
855 268 941 344 dum

90 375 212 466 primo
236 367 366 469 chylus
382 368 526 463 iamiam
548 367 727 470 periestus
747 392 795 442 ex
814 367 944 447 intelli<

92 469 403 570 nispromovetut
432 469 468 543 in
492 486 604 544 venas
629 465 761 542 laneas
788 490 855 569 por
872 490 939 541 mn·

91 565 288 643 senteriurn
311 566 511 669 dispositas,
525 590 614 667 ηυξ
634 565 714 641 vasa
737 567 775 640 in
798 562 940 641 animali

90 668 295 742 etiamnum
313 669 485 765 vivente,
508 664 532 739 fr
578 664 632 740 oli
656 662 799 765 pastum
814 682 942 763 venter

93 763 305 853 dissecetur,
333 766 490 849 humore
515 690 601 871 ullo1
626 762 788 851 refer-ra,
819 758 938 861 ut'ipfi

85 862 274 952 uidimus,
290 846 685 963 ni’anifeileadpall'rnr,
703 862 939 962 quamvi'sex·

93 958 211 1038 tinulo
232 961 294 1037 illo
319 962 420 1037 brevi
447 956 819 1060 iritumldispareant.
880 962 941 1037 Se.-

94 1062 238 1148 cundo,
264 1086 285 1136 e
307 1065 412 1137 venis
437 1055 560 1137 laucis
574 1060 751 1135 'defertur
777 1064 814 1136 in
847 1082 941 1135 com·

76 1174 208 1239 'mune
234 1129 527 1257 receptaculum,
553 1163 651 1259 quod
678 1162 722 1235 ab
750 1161 941 1235 inventore

63 1252 158 1331 'ons
180 1252 428 1358 Pequeta'anunr
448 1258 669 1359 adpellitur,
694 1257 731 1332 δι
755 1260 792 1334 in
812 1258 942 1335 lumbis

92 1376 209 1457 prope
231 1380 336 1431 renes
362 1356 465 1433 fitum
487 1356 557 1434 est:
586 1360 622 1432 in
644 1359 716 1432 hoc
744 1359 860 1433 etiam·
879 1358 942 1431 hu·

91 1476 235 1530 morem
259 1453 360 1531 suurn
387 1478 589 1532 exonerant
608 1454 692 1533 uasa
707 1456 941 1555 lymphatica,

92 1574 138 1627 ut
158 1577 295 1629 novum
318 1555 578 1657 melioremque
600 1558 720 1631 adhuc
747 1554 858 1654 chylo
887 1555 940 1651 su·¹

93 1657 178 1751 pius
199 1652 410 1751 percolato,
438 1656 584 1753 jamque
606 1656 713 1729 valde
734 1652 849 1728 subtili
877 1652 940 1729 llu-

71 1760 183 1825 'xum
205 1748 410 1825 concilient.
466 1754 611 1840 Terti05
629 1754 757 1854 cnylus
778 1753 835 1828 his
850 1750 941 1853 lyrn-

1 1925 3 1934 ,
91 1848 176 2020 Rhis
203 1848 372 1948 irrigatus
393 1875 457 1954 per
486 1849 637 1926 duorum
659 1854 833 1929 rhoracis
858 1875 940 1928 evo

71 1958 81 1969 '
122 1948 197 2020 itur
229 1946 363 2024 sursum
400 1954 437 2025 in
466 1978 599 2028 venam
622 1949 845 2045 stibulnuiam
881 1950 940 2027 seu

93 2046 282 2120 nxillnrem
313 2048 499 2137 finiliram,
539 2052 575 2123 in
602 2076 712 2148 quam
735 2051 955 2133 admittitur¹

78 2156 160 2245 'per
184 2144 395 2231 valvulam,
433 2170 512 2247 quae
537 2149 689 2224 liberum
714 2151 850 2248 praebet
881 2170 937 2223 ac·

93 2240 256 2331 cellum,
284 2242 384 2318 simul
410 2245 448 2319 &
468 2247 641 2321 receiium
661 2250 854 2348 prohibet:
882 2269 936 2321 res

91 2342 172 2417 lraec
187 2340 324 2416 'multis
345 2343 669 2442 pulcherrimisque
690 2346 862 2421 illustrata
878 2368 936 2420 ex·

42 2482 46 2489 ·
90 2439 302 2543 perimentis
317 2442 426 2518 hodie
447 2443 528 2519 satis
550 2465 648 2520 certa
672 2444 733 2520 eli.
780 2450 935 2544 Quarto,

38 2624 41 2631 ¹
90 2540 250 2641 denique
275 2564 296 2615 e
325 2566 417 2617 vena
435 2538 623 2637 stabolnuin
650 2545 689 2617 in
718 2567 851 2619 venam
880 2568 933 2617 ca·

91 2662 198 2728 vam,
218 2640 258 2715 &
277 2640 322 2715 ab
340 2643 408 2715 hac
421 2643 458 2715 in
483 2664 557 2729 cor,
573 2644 676 2742 quod
695 2664 783 2717 vera
799 2626 934 2743 langul-

5 2820 12 2827 ‚
91 2741 149 2813 nis
165 2738 280 2839 patria
294 2738 358 2827 est,
384 2738 548 2814 funditur
564 2764 622 2827 eo,
641 2766 750 2843 quem
768 2744 841 2837 jam
863 2764 933 2815 mu

89 2839 232 2933 moravi
250 2840 291 2912 in
311 2837 346 2936 §.
369 2836 530 2927 decordn
546 2843 661 2915 'modo
683 2841 932 2925 elaborandus,

91 2936 129 3009 ἃ
148 2934 348 3012 nobiliffirni
368 2938 516 3036 liquoris
537 2962 648 3038 praero
675 2941 774 3016 utiva
801 2943 929 3018 donan-

91 3037 171 3107 dus.
223 3041 307 3133 Qua
321 3038 478 3136 lienique
496 3042 636 3125 rarione
649 2965 791 3139 languis
807 3042 844 3114 in
862 3060 928 3114 car·

90 3157 199 3235 uem,
232 3136 269 3210 ὃ(
296 3136 383 3213 alias
410 3158 489 3237 quae
516 3138 649 3215 vivunt
674 3159 799 3238 partes
831 3140 928 3331 agea}

872 3263 892 3336 ‘l
