<?xml version="1.0" encoding="UTF-8"?>
<!DOCTYPE html PUBLIC "-//W3C//DTD XHTML 1.0 Transitional//EN"
    "http://www.w3.org/TR/xhtml1/DTD/xhtml1-transitional.dtd">
<html xmlns="http://www.w3.org/1999/xhtml" xml:lang="en" lang="en">
 <head>
  <title>
</title>
<meta http-equiv="Content-Type" content="text/html;charset=utf-8" />
  <meta name='ocr-system' content='tesseract 3.04.00' />
  <meta name='ocr-capabilities' content='ocr_page ocr_carea ocr_par ocr_line ocrx_word'/>
</head>
<body>
  <div class='ocr_page' id='page_1' title='image "./bibliothecadome02manngoog_0812.png"; bbox 0 0 2086 3682; ppageno 0'>
   <div class='ocr_carea' id='block_1_1' title="bbox 83 147 941 266">
    <p class='ocr_par' dir='ltr' id='par_1_1' title="bbox 83 147 941 266">
     <span class='ocr_line' id='line_1_1' title="bbox 83 147 941 266; baseline -0.007 -19"><span class='ocrx_word' id='word_1_1' title='bbox 83 187 96 203; x_wconf 68' lang='lat'>‘·</span> <span class='ocrx_word' id='word_1_2' title='bbox 220 151 342 246; x_wconf 67' lang='lat' dir='ltr'>lurra</span> <span class='ocrx_word' id='word_1_3' title='bbox 355 147 570 251; x_wconf 79' lang='lat' dir='ltr'><em>morborum</em></span> <span class='ocrx_word' id='word_1_4' title='bbox 584 180 738 266; x_wconf 80' lang='lat' dir='ltr'>genero.</span> <span class='ocrx_word' id='word_1_5' title='bbox 831 178 941 257; x_wconf 57' lang='lat'>221,</span> 
     </span>
    </p>
   </div>
   <div class='ocr_carea' id='block_1_2' title="bbox 47 317 920 719">
    <p class='ocr_par' dir='ltr' id='par_1_2' title="bbox 47 317 920 719">
     <span class='ocr_line' id='line_1_2' title="bbox 63 317 916 420; baseline -0.001 -24"><span class='ocrx_word' id='word_1_6' title='bbox 63 342 85 396; x_wconf 84' lang='lat' dir='ltr'>a</span> <span class='ocrx_word' id='word_1_7' title='bbox 100 317 270 420; x_wconf 78' lang='lat' dir='ltr'>sanguine</span> <span class='ocrx_word' id='word_1_8' title='bbox 286 317 462 415; x_wconf 65' lang='lat' dir='ltr'>escenso,</span> <span class='ocrx_word' id='word_1_9' title='bbox 479 317 676 395; x_wconf 88' lang='lat' dir='ltr'>humorum</span> <span class='ocrx_word' id='word_1_10' title='bbox 697 317 916 407; x_wconf 77' lang='lat' dir='ltr'><strong>acrimonia,</strong></span> 
     </span>
     <span class='ocr_line' id='line_1_3' title="bbox 64 414 920 519; baseline 0.005 -27"><span class='ocrx_word' id='word_1_11' title='bbox 64 420 129 494; x_wconf 86' lang='lat' dir='ltr'>seri</span> <span class='ocrx_word' id='word_1_12' title='bbox 152 421 188 494; x_wconf 72' lang='grc' dir='ltr'>ἃ</span> <span class='ocrx_word' id='word_1_13' title='bbox 216 419 375 517; x_wconf 82' lang='lat' dir='ltr'>lymphae</span> <span class='ocrx_word' id='word_1_14' title='bbox 411 415 604 515; x_wconf 83' lang='lat' dir='ltr'>salsugine,</span> <span class='ocrx_word' id='word_1_15' title='bbox 641 414 818 495; x_wconf 83' lang='lat' dir='ltr'>viscerum</span> <span class='ocrx_word' id='word_1_16' title='bbox 854 442 920 519; x_wconf 79' lang='lat' dir='ltr'>pu·</span> 
     </span>
     <span class='ocr_line' id='line_1_4' title="bbox 63 517 919 635; baseline -0.001 -41"><span class='ocrx_word' id='word_1_17' title='bbox 63 520 231 635; x_wconf 81' lang='lat' dir='ltr'>credine,</span> <span class='ocrx_word' id='word_1_18' title='bbox 263 519 342 593; x_wconf 82' lang='lat' dir='ltr'>bilis</span> <span class='ocrx_word' id='word_1_19' title='bbox 368 517 523 592; x_wconf 88' lang='lat' dir='ltr'>&amp;acidi</span> <span class='ocrx_word' id='word_1_20' title='bbox 549 517 759 593; x_wconf 83' lang='lat' dir='ltr'>dominante</span> <span class='ocrx_word' id='word_1_21' title='bbox 786 518 919 595; x_wconf 88' lang='lat' dir='ltr'>intem-</span> 
     </span>
     <span class='ocr_line' id='line_1_5' title="bbox 47 643 171 719; baseline -0.016 -25"><span class='ocrx_word' id='word_1_22' title='bbox 47 643 171 719; x_wconf 77' lang='lat' dir='ltr'>-perre</span> 
     </span>
    </p>
   </div>
   <div class='ocr_carea' id='block_1_3' title="bbox 51 792 1018 3171">
    <p class='ocr_par' dir='ltr' id='par_1_3' title="bbox 51 792 1018 3171">
     <span class='ocr_line' id='line_1_6' title="bbox 137 792 919 895; baseline 0.005 -26"><span class='ocrx_word' id='word_1_23' title='bbox 137 800 189 870; x_wconf 88' lang='lat' dir='ltr'>At</span> <span class='ocrx_word' id='word_1_24' title='bbox 204 795 373 871; x_wconf 86' lang='lat' dir='ltr'>o&#39;rnnibus</span> <span class='ocrx_word' id='word_1_25' title='bbox 388 793 445 871; x_wconf 89' lang='lat' dir='ltr'>his</span> <span class='ocrx_word' id='word_1_26' title='bbox 462 792 621 881; x_wconf 83' lang='lat' dir='ltr'>morbis,</span> <span class='ocrx_word' id='word_1_27' title='bbox 640 793 703 893; x_wconf 91' lang='lat' dir='ltr'>qui</span> <span class='ocrx_word' id='word_1_28' title='bbox 724 794 919 895; x_wconf 71' lang='lat' dir='ltr'>temporis</span> 
     </span>
     <span class='ocr_line' id='line_1_7' title="bbox 63 890 931 995; baseline 0.003 -27"><span class='ocrx_word' id='word_1_29' title='bbox 63 891 145 968; x_wconf 78' lang='lat' dir='ltr'>cuin</span> <span class='ocrx_word' id='word_1_30' title='bbox 167 896 315 970; x_wconf 87' lang='lat' dir='ltr'>humani</span> <span class='ocrx_word' id='word_1_31' title='bbox 335 892 497 993; x_wconf 89' lang='lat' dir='ltr'>corporis</span> <span class='ocrx_word' id='word_1_32' title='bbox 517 893 665 968; x_wconf 87' lang='lat' dir='ltr'>turbare</span> <span class='ocrx_word' id='word_1_33' title='bbox 688 890 803 969; x_wconf 90' lang='lat' dir='ltr'>solent</span> <span class='ocrx_word' id='word_1_34' title='bbox 820 917 863 968; x_wconf 91' lang='lat' dir='ltr'>ac</span> <span class='ocrx_word' id='word_1_35' title='bbox 880 898 931 995; x_wconf 42' lang='lat' dir='ltr'>in,</span> 
     </span>
     <span class='ocr_line' id='line_1_8' title="bbox 63 988 920 1092; baseline 0.009 -26"><span class='ocrx_word' id='word_1_36' title='bbox 63 992 251 1067; x_wconf 85' lang='lat' dir='ltr'>discrimen</span> <span class='ocrx_word' id='word_1_37' title='bbox 265 994 460 1079; x_wconf 83' lang='lat' dir='ltr'>adducere,</span> <span class='ocrx_word' id='word_1_38' title='bbox 472 989 696 1092; x_wconf 68' lang='lat' dir='ltr'>frequentior</span> <span class='ocrx_word' id='word_1_39' title='bbox 713 990 751 1069; x_wconf 72' lang='grc' dir='ltr'><strong>ἁ</strong></span> <span class='ocrx_word' id='word_1_40' title='bbox 765 988 920 1073; x_wconf 86' lang='lat' dir='ltr'>familia·</span> 
     </span>
     <span class='ocr_line' id='line_1_9' title="bbox 61 1086 933 1194; baseline 0.007 -28"><span class='ocrx_word' id='word_1_41' title='bbox 61 1094 136 1167; x_wconf 89' lang='lat' dir='ltr'>rior</span> <span class='ocrx_word' id='word_1_42' title='bbox 150 1091 201 1167; x_wconf 86' lang='lat' dir='ltr'>est</span> <span class='ocrx_word' id='word_1_43' title='bbox 216 1086 358 1181; x_wconf 85' lang='lat' dir='ltr'>Febris,</span> <span class='ocrx_word' id='word_1_44' title='bbox 384 1115 463 1192; x_wconf 86' lang='lat' dir='ltr'>quae</span> <span class='ocrx_word' id='word_1_45' title='bbox 475 1090 535 1165; x_wconf 90' lang='lat' dir='ltr'>vel</span> <span class='ocrx_word' id='word_1_46' title='bbox 550 1088 622 1166; x_wconf 78' lang='lat' dir='ltr'>sois</span> <span class='ocrx_word' id='word_1_47' title='bbox 634 1093 862 1191; x_wconf 84' lang='lat' dir='ltr'>tyrannidem</span> <span class='ocrx_word' id='word_1_48' title='bbox 878 1098 933 1194; x_wconf 64' lang='lat' dir='ltr'>in;</span> 
     </span>
     <span class='ocr_line' id='line_1_10' title="bbox 61 1188 922 1293; baseline 0.005 -27"><span class='ocrx_word' id='word_1_49' title='bbox 61 1214 143 1267; x_wconf 89' lang='lat' dir='ltr'>eam</span> <span class='ocrx_word' id='word_1_50' title='bbox 158 1212 317 1279; x_wconf 82' lang='lat' dir='ltr'>exercet,</span> <span class='ocrx_word' id='word_1_51' title='bbox 331 1191 392 1267; x_wconf 88' lang='lat' dir='ltr'>vel</span> <span class='ocrx_word' id='word_1_52' title='bbox 414 1190 596 1271; x_wconf 84' lang='lat' dir='ltr'>seditionis</span> <span class='ocrx_word' id='word_1_53' title='bbox 610 1188 740 1279; x_wconf 86' lang='lat' dir='ltr'>socios,</span> <span class='ocrx_word' id='word_1_54' title='bbox 754 1190 846 1268; x_wconf 87' lang='lat' dir='ltr'>alios</span> <span class='ocrx_word' id='word_1_55' title='bbox 863 1196 922 1293; x_wconf 33' lang='lat' dir='ltr'>nis·</span> 
     </span>
     <span class='ocr_line' id='line_1_11' title="bbox 59 1289 917 1375; baseline 0.003 -10"><span class='ocrx_word' id='word_1_56' title='bbox 59 1292 194 1365; x_wconf 89' lang='lat' dir='ltr'>mirum</span> <span class='ocrx_word' id='word_1_57' title='bbox 219 1292 367 1367; x_wconf 87' lang='lat' dir='ltr'>morbos</span> <span class='ocrx_word' id='word_1_58' title='bbox 394 1289 602 1366; x_wconf 86' lang='lat' dir='ltr'>comitatur.</span> <span class='ocrx_word' id='word_1_59' title='bbox 662 1291 837 1375; x_wconf 80' lang='lat' dir='ltr'>Universe</span> <span class='ocrx_word' id='word_1_60' title='bbox 855 1294 917 1369; x_wconf 73' lang='lat' dir='ltr'>re-</span> 
     </span>
     <span class='ocr_line' id='line_1_12' title="bbox 60 1387 917 1490; baseline 0.005 -25"><span class='ocrx_word' id='word_1_61' title='bbox 60 1391 134 1465; x_wconf 87' lang='lat' dir='ltr'>bris</span> <span class='ocrx_word' id='word_1_62' title='bbox 148 1388 198 1464; x_wconf 89' lang='lat' dir='ltr'>est</span> <span class='ocrx_word' id='word_1_63' title='bbox 215 1390 448 1490; x_wconf 83' lang='lat' dir='ltr'>intemperies</span> <span class='ocrx_word' id='word_1_64' title='bbox 462 1388 578 1465; x_wconf 82' lang='lat' dir='ltr'>calida</span> <span class='ocrx_word' id='word_1_65' title='bbox 592 1388 724 1477; x_wconf 88' lang='lat' dir='ltr'>cordis,</span> <span class='ocrx_word' id='word_1_66' title='bbox 746 1387 784 1463; x_wconf 91' lang='lat'>&amp;</span> <span class='ocrx_word' id='word_1_67' title='bbox 801 1394 917 1469; x_wconf 88' lang='lat' dir='ltr'>totius</span> 
     </span>
     <span class='ocr_line' id='line_1_13' title="bbox 60 1484 917 1591; baseline -0.006 -29"><span class='ocrx_word' id='word_1_68' title='bbox 60 1490 258 1589; x_wconf 82' lang='lat' dir='ltr'>corporisa</span> <span class='ocrx_word' id='word_1_69' title='bbox 275 1488 448 1587; x_wconf 79' lang='lat' dir='ltr'>caldreio</span> <span class='ocrx_word' id='word_1_70' title='bbox 464 1484 575 1579; x_wconf 77' lang='lat' dir='ltr'>corde</span> <span class='ocrx_word' id='word_1_71' title='bbox 596 1486 767 1579; x_wconf 89' lang='lat' dir='ltr'>accenso,</span> <span class='ocrx_word' id='word_1_72' title='bbox 799 1486 917 1591; x_wconf 56' lang='lat' dir='ltr'>&amp;spu</span> 
     </span>
     <span class='ocr_line' id='line_1_14' title="bbox 59 1588 927 1689; baseline 0.002 -26"><span class='ocrx_word' id='word_1_73' title='bbox 59 1592 199 1663; x_wconf 88' lang='lat' dir='ltr'>rituum</span> <span class='ocrx_word' id='word_1_74' title='bbox 217 1613 259 1661; x_wconf 87' lang='lat' dir='ltr'>ac</span> <span class='ocrx_word' id='word_1_75' title='bbox 274 1588 453 1688; x_wconf 84' lang='lat' dir='ltr'>sanguinis</span> <span class='ocrx_word' id='word_1_76' title='bbox 468 1588 624 1662; x_wconf 90' lang='lat' dir='ltr'>circuitu</span> <span class='ocrx_word' id='word_1_77' title='bbox 639 1589 677 1661; x_wconf 93' lang='lat' dir='ltr'>in</span> <span class='ocrx_word' id='word_1_78' title='bbox 689 1610 818 1664; x_wconf 87' lang='lat' dir='ltr'>omnes</span> <span class='ocrx_word' id='word_1_79' title='bbox 838 1612 927 1689; x_wconf 55' lang='lat' dir='ltr'>purg</span> 
     </span>
     <span class='ocr_line' id='line_1_15' title="bbox 62 1684 916 1785; baseline 0.004 -24"><span class='ocrx_word' id='word_1_80' title='bbox 62 1711 117 1762; x_wconf 85' lang='lat' dir='ltr'>res</span> <span class='ocrx_word' id='word_1_81' title='bbox 143 1684 292 1775; x_wconf 87' lang='lat' dir='ltr'>diffuso,</span> <span class='ocrx_word' id='word_1_82' title='bbox 322 1687 520 1774; x_wconf 84' lang='lat' dir='ltr'>accedente</span> <span class='ocrx_word' id='word_1_83' title='bbox 542 1688 741 1763; x_wconf 90' lang='lat' dir='ltr'>humorum</span> <span class='ocrx_word' id='word_1_84' title='bbox 762 1710 916 1785; x_wconf 80' lang='lat' dir='ltr'>peccan-</span> 
     </span>
     <span class='ocr_line' id='line_1_16' title="bbox 59 1776 914 1877; baseline 0 -17"><span class='ocrx_word' id='word_1_85' title='bbox 59 1788 154 1860; x_wconf 87' lang='lat' dir='ltr'>tium</span> <span class='ocrx_word' id='word_1_86' title='bbox 176 1787 356 1864; x_wconf 84' lang='lat' dir='ltr'>fermento</span> <span class='ocrx_word' id='word_1_87' title='bbox 371 1786 431 1862; x_wconf 88' lang='lat' dir='ltr'>vei</span> <span class='ocrx_word' id='word_1_88' title='bbox 450 1783 639 1873; x_wconf 72' lang='lat' dir='ltr'>intestino,</span> <span class='ocrx_word' id='word_1_89' title='bbox 665 1785 724 1863; x_wconf 89' lang='lat' dir='ltr'>vel</span> <span class='ocrx_word' id='word_1_90' title='bbox 747 1784 834 1877; x_wconf 81' lang='lat' dir='ltr'>foris</span> <span class='ocrx_word' id='word_1_91' title='bbox 853 1776 914 1861; x_wconf 85' lang='lat' dir='ltr'>ad·</span> 
     </span>
     <span class='ocr_line' id='line_1_17' title="bbox 59 1878 916 1979; baseline 0.009 -24"><span class='ocrx_word' id='word_1_92' title='bbox 59 1878 182 1964; x_wconf 69' lang='lat' dir='ltr'>nesio,</span> <span class='ocrx_word' id='word_1_93' title='bbox 193 1886 296 1973; x_wconf 76' lang='lat' dir='ltr'>culus</span> <span class='ocrx_word' id='word_1_94' title='bbox 311 1908 383 1979; x_wconf 86' lang='lat' dir='ltr'>ope</span> <span class='ocrx_word' id='word_1_95' title='bbox 396 1887 536 1959; x_wconf 86' lang='lat' dir='ltr'>irritata</span> <span class='ocrx_word' id='word_1_96' title='bbox 547 1884 678 1971; x_wconf 80' lang='lat' dir='ltr'>natura</span> <span class='ocrx_word' id='word_1_97' title='bbox 693 1884 848 1964; x_wconf 82' lang='lat' dir='ltr'>conatnr</span> <span class='ocrx_word' id='word_1_98' title='bbox 863 1888 916 1963; x_wconf 86' lang='lat' dir='ltr'>lu·</span> 
     </span>
     <span class='ocr_line' id='line_1_18' title="bbox 60 1979 918 2081; baseline 0.002 -25"><span class='ocrx_word' id='word_1_99' title='bbox 60 1980 254 2080; x_wconf 68' lang='lat' dir='ltr'>&amp;aterque</span> <span class='ocrx_word' id='word_1_100' title='bbox 271 1981 431 2080; x_wconf 87' lang='lat' dir='ltr'>separare</span> <span class='ocrx_word' id='word_1_101' title='bbox 448 2004 469 2053; x_wconf 86' lang='lat' dir='ltr'>a</span> <span class='ocrx_word' id='word_1_102' title='bbox 489 1979 523 2053; x_wconf 91' lang='lat' dir='ltr'>se</span> <span class='ocrx_word' id='word_1_103' title='bbox 541 2004 584 2053; x_wconf 92' lang='lat' dir='ltr'>ac</span> <span class='ocrx_word' id='word_1_104' title='bbox 600 1981 799 2070; x_wconf 84' lang='lat' dir='ltr'>eliminare,</span> <span class='ocrx_word' id='word_1_105' title='bbox 812 1988 918 2081; x_wconf 86' lang='lat' dir='ltr'>quid·</span> 
     </span>
     <span class='ocr_line' id='line_1_19' title="bbox 59 2077 917 2181; baseline -0.003 -27"><span class='ocrx_word' id='word_1_106' title='bbox 59 2083 150 2181; x_wconf 87' lang='lat' dir='ltr'>quid</span> <span class='ocrx_word' id='word_1_107' title='bbox 169 2092 297 2181; x_wconf 74' lang='lat' dir='ltr'>praeter</span> <span class='ocrx_word' id='word_1_108' title='bbox 310 2097 479 2158; x_wconf 72' lang='lat' dir='ltr'>vnaturam</span> <span class='ocrx_word' id='word_1_109' title='bbox 495 2077 556 2176; x_wconf 82' lang='lat' dir='ltr'>ipfi</span> <span class='ocrx_word' id='word_1_110' title='bbox 573 2078 716 2152; x_wconf 81' lang='lat' dir='ltr'>occidit.</span> <span class='ocrx_word' id='word_1_111' title='bbox 754 2080 917 2158; x_wconf 85' lang='lat' dir='ltr'>Plerum.</span> 
     </span>
     <span class='ocr_line' id='line_1_20' title="bbox 59 2175 916 2279; baseline 0.006 -26"><span class='ocrx_word' id='word_1_112' title='bbox 59 2204 134 2279; x_wconf 87' lang='lat' dir='ltr'>que</span> <span class='ocrx_word' id='word_1_113' title='bbox 151 2183 294 2256; x_wconf 89' lang='lat' dir='ltr'>initium</span> <span class='ocrx_word' id='word_1_114' title='bbox 311 2179 413 2253; x_wconf 90' lang='lat' dir='ltr'>ducit</span> <span class='ocrx_word' id='word_1_115' title='bbox 433 2203 454 2253; x_wconf 86' lang='lat' dir='ltr'>a</span> <span class='ocrx_word' id='word_1_116' title='bbox 473 2175 606 2274; x_wconf 84' lang='lat' dir='ltr'>frigore</span> <span class='ocrx_word' id='word_1_117' title='bbox 624 2177 661 2250; x_wconf 81' lang='lat' dir='ltr'>dr</span> <span class='ocrx_word' id='word_1_118' title='bbox 675 2179 845 2269; x_wconf 87' lang='lat' dir='ltr'>horrore,</span> <span class='ocrx_word' id='word_1_119' title='bbox 866 2183 916 2258; x_wconf 85' lang='lat' dir='ltr'>se·</span> 
     </span>
     <span class='ocr_line' id='line_1_21' title="bbox 60 2276 917 2380; baseline 0.001 -27"><span class='ocrx_word' id='word_1_120' title='bbox 60 2302 198 2379; x_wconf 88' lang='lat' dir='ltr'>quente</span> <span class='ocrx_word' id='word_1_121' title='bbox 217 2279 447 2380; x_wconf 86' lang='lat' dir='ltr'>postmodum</span> <span class='ocrx_word' id='word_1_122' title='bbox 472 2276 592 2353; x_wconf 87' lang='lat' dir='ltr'>calore</span> <span class='ocrx_word' id='word_1_123' title='bbox 613 2277 694 2375; x_wconf 84' lang='lat' dir='ltr'>plus</span> <span class='ocrx_word' id='word_1_124' title='bbox 715 2282 917 2365; x_wconf 79' lang='lat' dir='ltr'>autminus</span> 
     </span>
     <span class='ocr_line' id='line_1_22' title="bbox 60 2375 916 2477; baseline 0.007 -23"><span class='ocrx_word' id='word_1_125' title='bbox 60 2380 215 2467; x_wconf 81' lang='lat' dir='ltr'>intenso,</span> <span class='ocrx_word' id='word_1_126' title='bbox 235 2380 332 2453; x_wconf 86' lang='lat' dir='ltr'>acin</span> <span class='ocrx_word' id='word_1_127' title='bbox 354 2376 518 2477; x_wconf 79' lang='lat' dir='ltr'>sudorem</span> <span class='ocrx_word' id='word_1_128' title='bbox 535 2375 734 2469; x_wconf 75' lang='lat' dir='ltr'>desinente,</span> <span class='ocrx_word' id='word_1_129' title='bbox 746 2385 916 2476; x_wconf 85' lang='lat' dir='ltr'>quamvis</span> 
     </span>
     <span class='ocr_line' id='line_1_23' title="bbox 62 2471 1018 2648; baseline 0.001 -96"><span class='ocrx_word' id='word_1_130' title='bbox 62 2477 161 2554; x_wconf 87' lang='lat' dir='ltr'>calor</span> <span class='ocrx_word' id='word_1_131' title='bbox 179 2503 251 2552; x_wconf 87' lang='lat' dir='ltr'>non</span> <span class='ocrx_word' id='word_1_132' title='bbox 270 2500 351 2552; x_wconf 88' lang='lat' dir='ltr'>raro</span> <span class='ocrx_word' id='word_1_133' title='bbox 370 2476 570 2576; x_wconf 76' lang='lat' dir='ltr'>pracedat,</span> <span class='ocrx_word' id='word_1_134' title='bbox 596 2475 633 2550; x_wconf 76' lang='grc' dir='ltr'>δι</span> <span class='ocrx_word' id='word_1_135' title='bbox 658 2471 773 2648; x_wconf 48' lang='lat' dir='ltr'>sri÷ns</span> <span class='ocrx_word' id='word_1_136' title='bbox 793 2479 916 2579; x_wconf 79' lang='lat' dir='ltr'>sequa·</span> <span class='ocrx_word' id='word_1_137' title='bbox 1013 2507 1018 2515; x_wconf 96' lang='lat'><strong>·</strong></span> 
     </span>
     <span class='ocr_line' id='line_1_24' title="bbox 62 2574 920 2676; baseline 0.008 -27"><span class='ocrx_word' id='word_1_138' title='bbox 62 2594 135 2649; x_wconf 90' lang='lat' dir='ltr'>tur.</span> <span class='ocrx_word' id='word_1_139' title='bbox 178 2580 216 2650; x_wconf 89' lang='lat' dir='ltr'>in</span> <span class='ocrx_word' id='word_1_140' title='bbox 235 2576 411 2676; x_wconf 83' lang='lat' dir='ltr'>plurimos</span> <span class='ocrx_word' id='word_1_141' title='bbox 425 2578 583 2651; x_wconf 85' lang='lat' dir='ltr'>radicem</span> <span class='ocrx_word' id='word_1_142' title='bbox 596 2574 691 2665; x_wconf 69' lang='lat' dir='ltr'>hanc</span> <span class='ocrx_word' id='word_1_143' title='bbox 721 2579 920 2664; x_wconf 86' lang='lat' dir='ltr'>oecundam</span> 
     </span>
     <span class='ocr_line' id='line_1_25' title="bbox 61 2667 921 2774; baseline 0.005 -25"><span class='ocrx_word' id='word_1_144' title='bbox 61 2698 184 2750; x_wconf 85' lang='lat' dir='ltr'>ramos</span> <span class='ocrx_word' id='word_1_145' title='bbox 206 2678 376 2750; x_wconf 89' lang='lat' dir='ltr'>dividunt</span> <span class='ocrx_word' id='word_1_146' title='bbox 392 2675 547 2755; x_wconf 84' lang='lat' dir='ltr'>Medici:</span> <span class='ocrx_word' id='word_1_147' title='bbox 567 2674 604 2748; x_wconf 95' lang='lat' dir='ltr'>in</span> <span class='ocrx_word' id='word_1_148' title='bbox 619 2667 846 2774; x_wconf 80' lang='lat' dir='ltr'>Ephernerom</span> <span class='ocrx_word' id='word_1_149' title='bbox 861 2678 921 2753; x_wconf 88' lang='lat' dir='ltr'>seu</span> 
     </span>
     <span class='ocr_line' id='line_1_26' title="bbox 60 2773 924 2867; baseline 0.006 -20"><span class='ocrx_word' id='word_1_150' title='bbox 60 2776 171 2867; x_wconf 83' lang='lat' dir='ltr'>unius</span> <span class='ocrx_word' id='word_1_151' title='bbox 195 2778 287 2865; x_wconf 81' lang='lat' dir='ltr'>diei,</span> <span class='ocrx_word' id='word_1_152' title='bbox 311 2777 348 2854; x_wconf 87' lang='lat' dir='ltr'>in</span> <span class='ocrx_word' id='word_1_153' title='bbox 371 2775 696 2867; x_wconf 71' lang='lat' dir='ltr'>intromittentem,</span> <span class='ocrx_word' id='word_1_154' title='bbox 717 2773 873 2851; x_wconf 71' lang='lat' dir='ltr'>&amp;hanc</span> <span class='ocrx_word' id='word_1_155' title='bbox 888 2781 924 2852; x_wconf 88' lang='lat' dir='ltr'>in</span> 
     </span>
     <span class='ocr_line' id='line_1_27' title="bbox 63 2868 922 2975; baseline 0.005 -29"><span class='ocrx_word' id='word_1_156' title='bbox 63 2875 278 2958; x_wconf 79' lang='lat' dir='ltr'>tertiorum,</span> <span class='ocrx_word' id='word_1_157' title='bbox 305 2876 535 2975; x_wconf 77' lang='lat' dir='ltr'>quartanam,</span> <span class='ocrx_word' id='word_1_158' title='bbox 553 2872 783 2964; x_wconf 73' lang='lat' dir='ltr'>menstruam,</span> <span class='ocrx_word' id='word_1_159' title='bbox 804 2868 922 2960; x_wconf 76' lang='lat' dir='ltr'>¹c&#39;onti·</span> 
     </span>
     <span class='ocr_line' id='line_1_28' title="bbox 51 2967 935 3063; baseline -0.001 -19"><span class='ocrx_word' id='word_1_160' title='bbox 51 2995 187 3058; x_wconf 76' lang='lat' dir='ltr'>nuum,</span> <span class='ocrx_word' id='word_1_161' title='bbox 207 2967 388 3057; x_wconf 75' lang='lat' dir='ltr'>loesiicom,</span> <span class='ocrx_word' id='word_1_162' title='bbox 412 2970 566 3060; x_wconf 76' lang='lat' dir='ltr'>lentam,-</span> <span class='ocrx_word' id='word_1_163' title='bbox 589 2984 748 3059; x_wconf 81' lang='lat' dir='ltr'>acutam,</span> <span class='ocrx_word' id='word_1_164' title='bbox 768 2973 804 3046; x_wconf 73' lang='lat' dir='ltr'>dr</span> <span class='ocrx_word' id='word_1_165' title='bbox 818 2974 935 3063; x_wconf 58' lang='lat' dir='ltr'>roasi,</span> 
     </span>
     <span class='ocr_line' id='line_1_29' title="bbox 57 3065 917 3171; baseline 0.01 -29"><span class='ocrx_word' id='word_1_166' title='bbox 57 3065 189 3171; x_wconf 80' lang='lat' dir='ltr'>gnum,</span> <span class='ocrx_word' id='word_1_167' title='bbox 206 3096 285 3168; x_wconf 81' lang='lat' dir='ltr'>quae</span> <span class='ocrx_word' id='word_1_168' title='bbox 303 3095 430 3146; x_wconf 87' lang='lat' dir='ltr'>omnes</span> <span class='ocrx_word' id='word_1_169' title='bbox 446 3070 590 3147; x_wconf 83' lang='lat' dir='ltr'>diverfis</span> <span class='ocrx_word' id='word_1_170' title='bbox 613 3069 863 3170; x_wconf 83' lang='lat' dir='ltr'>symptomatis</span> <span class='ocrx_word' id='word_1_171' title='bbox 879 3077 917 3151; x_wconf 77' lang='lat' dir='ltr'>dr</span> 
     </span>
    </p>
   </div>
   <div class='ocr_carea' id='block_1_4' title="bbox 61 3168 916 3349">
    <p class='ocr_par' dir='ltr' id='par_1_4' title="bbox 61 3168 916 3349">
     <span class='ocr_line' id='line_1_30' title="bbox 61 3168 916 3349; baseline 0.001 -104"><span class='ocrx_word' id='word_1_172' title='bbox 61 3171 282 3270; x_wconf 84' lang='lat' dir='ltr'>paroxysmis</span> <span class='ocrx_word' id='word_1_173' title='bbox 299 3170 537 3270; x_wconf 78' lang='lat' dir='ltr'>sereprodere</span> <span class='ocrx_word' id='word_1_174' title='bbox 550 3168 676 3260; x_wconf 88' lang='lat' dir='ltr'>soient,</span> <span class='ocrx_word' id='word_1_175' title='bbox 685 3176 818 3271; x_wconf 87' lang='lat' dir='ltr'>quibus</span> <span class='ocrx_word' id='word_1_176' title='bbox 836 3182 916 3349; x_wconf 51' lang='lat' dir='ltr'>pr?-</span> 
     </span>
    </p>
   </div>
   <div class='ocr_carea' id='block_1_5' title="bbox 0 0 1048 3682">
    <p class='ocr_par' dir='ltr' id='par_1_5' title="bbox 0 0 1048 3682">
     <span class='ocr_line' id='line_1_31' title="bbox 0 0 1048 3682; baseline 0 0"><span class='ocrx_word' id='word_1_177' title='bbox 0 0 1048 3682; x_wconf 95' lang='lat' dir='ltr'> </span> 
     </span>
    </p>
   </div>
  </div>
 </body>
</html>
