2086 3682
105 130 215 248 ³256
466 131 595 251 Capul
632 127 681 223 V

129 299 225 378 mnis
251 294 428 389 struendis
452 309 661 387 uterentur,
689 294 824 374 solicite
849 296 991 375 invelli-

126 416 256 500 gentes
283 393 423 496 optime
449 396 484 471 se
510 395 670 473 falluroa‘
696 398 766 472 elle
795 399 877 471 sunt
900 400 992 475 arbi·

126 499 239 584 crati,
278 495 303 569 sr
339 497 442 594 pedis
480 496 595 571 virilis
620 497 813 598 vestigium
847 498 1010 593 dimetig

122 616 268 679 rentur3
287 595 477 694 quumque
499 597 633 694 pedem
648 594 793 693 ‚sextam
818 595 889 672 elie
911 596 995 672 alti·

126 696 265 771 tudinis
294 715 437 793 partem
470 696 508 768 in
547 696 711 795 humane
742 720 897 796 corpore
930 697 995 771 de·

125 790 415 898 prehendissent,
447 795 652 872 mensuram
687 798 783 869 hanc
814 795 857 869 ea
882 796 993 871 ratio·

126 918 176 970 ne
198 897 234 967 in
262 892 472 967 columnam
497 893 783 982 transtulerunt,
813 942 839 983 „
854 888 905 968 ut
918 919 994 993 qua

125 1041 153 1085 „
171 988 402 1067 ctasiitudine
438 991 602 1068 fecerant
631 993 726 1068 bafin
752 994 875 1094 scapi,
915 1014 996 1068 tan·

126 1111 249 1185 „tum
286 1115 368 1167 eam
396 1093 521 1167 sexies'
541 1115 627 1167 eum
652 1093 817 1194 *capitulo
851 1095 889 1166 in
914 1093 997 1168 alti·

125 1192 337 1282 „tudinem
364 1192 592 1279 extulerint,
632 1194 684 1269 ita
707 1214 752 1268 ut
774 1194 912 1268 Dorica
935 1215 991 1266 co·

126 1338 153 1381 ,‚
170 1291 295 1393 lumna
319 1289 400 1383 (fic
426 1319 447 1366 a
472 1282 603 1391 templi
625 1291 843 1368 Architeelo
869 1289 996 1385 ditia)

125 1387 286 1481 „virilis
311 1388 474 1491 cd'rpori‘s
524 1393 776 1490 roportionem
788 1440 799 1478 ,
827 1392 865 1465 δι
889 1389 997 1464 firmi-

58 1551 61 1557 .
125 1506 285 1582 „tatem
324 1488 364 1563 δι
387 1412 615 1565 νεηυᾶπιειῃ
657 1494 695 1564 in
725 1488 883 1563 aediliciis
910 1512 998 1588 prae·

72 1630 73 1637 κ
125 1637 152 1681 ,,
169 1582 454 1689 ῆπε-,εοερεῐίι
473 1637 498 1674 ,,
549 1589 662 1687 Jones
687 1591 812 1677 iidem,
822 1591 890 1660 ubi
902 1588 1000 1687 postss

91 1690 284 1765 ‘modum
307 1692 423 1763 aedem
453 1688 581 1761 Dianae
609 1687 742 1790 sacram
769 1687 1002 1785 exstruxere,

38 1803 41 1807 ’
126 1807 188 1867 ιιι,
206 1802 343 1863 novam
378 1784 559 1861 columnis
597 1783 733 1862 faciem
765 1787 999 1958 formampue

124 1888 355 1975 tribuerent,
371 1930 400 1971 ,‚
417 1900 624 1983 quaerentes
648 1890 737 1963 novi
764 1888 907 1988 generis
937 1902 1001 1986 pe·

126 2036 154 2079 ‚,
170 1988 271 2061 ciem'
312 1983 443 2057 iisdem
484 1982 648 2086 'vestigiis
697 1988 743 2061 ad
783 1985 1000 2077 muliebrem

127 2082 442 2180 „transtulerunt
468 2084 742 2184 gracilitatem,
768 2086 805 2161 dr
831 2084 1001 2160 fecerunt

69 2202 71 2213 ·
126 2183 327 2285 „primum
353 2182 535 2257 columnae
573 2182 843 2261 craffitudinem
876 2183 1037 2258 altitu-¹·

126 2282 311 2376 „tudinis
344 2276 476 2361 octava
500 2296 628 2382 parte,
654 2305 698 2358 ut
721 2286 902 2358 haberent
928 2280 1003 2382 spe·

126 2374 266 2476 „lieni
292 2380 664 2459 crediderunat
702 2381 829 2482 spiram
870 2381 1003 2481 suppo·

129 2528 157 2572 „
173 2480 324 2556 suerunt
356 2506 424 2583 pro
467 2482 621 2571 calceo,
656 2481 817 2580 capitulo
852 2480 1004 2556 volutas

124 2581 229 2674 „uti
255 2580 516 2682 capillamento
533 2578 789 2679 'concrispatos
812 2582 1003 2657 cincinnos

124 2728 153 2774 „
175 2675 453 2782 praependentes
490 2679 620 2753 dex't'ra
653 2703 696 2754 ac
734 2679 865 2754 slnlstra
891 2679 1005 2756 collo·

124 2788 152 2875 ‚',
171 2786 376 2871 caverunt,
411 2778 450 2851 δι
478 2778 651 2874 cymatiis
686 2800 811 2880 atque
838 2782 1006 2881 encarpis

125 2928 156 2973 „
175 2870 349 2983 dilpdlitis
394 2875 534 2950 frontes
566 2874 818 2968 ornaverunt,
854 2882 1018 2955 trunco·'

125 2978 246 3079 „squ'e
273 2984 357 3051 toto
381 2974 495 3067 strias,
514 2977 572 3050 uti
598 2972 767 3052 stolarum
792 3003 901 3079 rugas
924 3002 1009 3054 ma-

28 3086 32 3092 “
136 3075 312 3168 „trdnali
336 3098 440 3152 more
466 3075 697 3152 demiserunt.
782 3081 837 3152 lta
861 3079 1007 3153 duobus

60 3276 63 3280 Ι
139 3174 448 3271 „discriminibus
464 3173 720 3254 columnarum
738 3179 1005 3265 inventionem,

345 3325 348 3330 ,
852 3299 1006 3369 „uuam
