2086 3682
293 108 345 208 &²
373 82 523 202 Indolts
550 106 742 222 Muthtstr.
898 134 925 224 5

69 295 153 346 runt
181 291 307 347 motus
338 298 382 348 ac
406 277 700 374 opportunitates
723 272 837 376 probe
861 296 928 349 no·
985 308 988 313 ·

69 392 126 445 tas
153 372 316 460 habeat,
358 375 491 471 quibus
524 376 700 473 ignoratis
736 376 927 449 interitum

68 470 359 569 afferrepotest,
387 498 408 546 a
433 497 509 569 quo
535 472 625 547 salus
651 475 688 548 &
713 473 842 548 sanitas
865 495 927 549 ex·

67 567 334 668 speoauantur.
363 571 628 671 ‚Philosophiae¹
655 571 825 647 Mathests
847 571 925 646 vol·

65 689 110 743 ut
138 667 312 768 sangvine
340 668 461 764 puniit
493 669 544 745 est
577 699 585 742 :
618 673 760 773 absque
792 670 925 746 notitia

65 767 329 867 Astronomiae‚
355 771 525 856 Staticae,
551 769 724 870 Opticae,
750 775 925 845 Aerotnt·

66 869 170 954 triae,
208 867 465 966 Hydraulicae,
508 870 767 970 Chronologiae
803 892 849 943 ex
875 868 943 944 la·-

66 967 146 1039 nari
174 967 245 1039 rite
275 969 374 1042 haud
407 965 577 1067 poffunt,
610 991 690 1067 quae
722 969 768 1041 de
792 894 924 1055 coefit,

65 1067 112 1139 de
137 1067 303 1153 mundo,
347 1066 394 1139 de
419 1065 631 1152 elementis,
657 1068 703 1140 do
726 1087 856 1154 motu,
877 1067 925 1141 de

66 1166 297 1262 temporein
323 1165 394 1238 hac
417 1163 564 1239 scientia
594 1163 806 1247 tratiantur.
848 1166 924 1239 'Ex

63 1264 132 1338 his·
162 1264 202 1336 &
239 1262 344 1362 Plato·
377 1264 415 1337 δι
431 1276 433 1281 “
452 1262 681 1337 Aristoteles*
700 1264 845 1351 multa,
875 1263 924 1339 ⁵&

65 1357 260 1441 certiisuna
285 1364 329 1436 ad
355 1386 502 1436 ornnem
528 1362 824 1462 Philosophiam
850 1359 926 1438 five'

64 1464 275 1536 denatura
310 1461 381 1536 five
412 1464 458 1537 de
484 1463 647 1536 moribus
673 1462 923 1562 disputarent,

63 1579 283 1661 argumenta
334 1560 633 1659 deprensarum,
669 1582 752 1676 quae
787 1583 923 1636 vocan-

63 1679 126 1734 tur
176 1658 539 1746 demonstrationes,
590 1659 836 1734 fimiirtudines
884 1659 923 1737 δε
976 1700 980 1719 ·

49 1757 231 1858 exempla
257 1780 273 1830 τ’
319 1757 541 1858 fueruntque
579 1778 656 1833 tam
697 1761 793 1834 inter
827 1757 923 1856 ipsos

36 1870 195 1942 'notae,
234 1880 345 1956 quarn
377 1860 473 1932 inter
496 1882 562 1934 nos
587 1853 738 1946 vitius,
767 1856 923 1935 uestitus

63 1954 317 2031 &habitatio
391 1958 607 2033 Geometria
642 1955 795 2057 publicae
826 1953 922 2031 utili·

61 2057 132 2131 tati
165 2053 360 2131 necessaria
397 2055 448 2133 est
484 2058 530 2130 ad
559 2057 801 2130 dimetiendos
825 2076 924 2129 carn·

62 2178 159 2255 pos,
185 2154 254 2229 &o
294 2180 300 2186 ·
332 2156 470 2228 Statica
497 2174 654 2325 guoque
672 2182 674 2186 ·
690 2155 736 2226 ad
758 2156 922 2252 pondera

63 2255 112 2328 ὅ(ι
144 2251 382 2353 instrumenta
423 2253 495 2327 etia
572 2249 776 2350 opificum,
809 2253 922 2326 etiam

59 2351 289 2428 rusticorum.
331 2412 340 2424 ..
368 2348 679 2428 ArchiteCionica
697 2352 741 2424 ad
766 2373 921 2440 muros,

60 2453 184 2539 ades,
218 2450 381 2550 templa,
408 2451 578 2526 civitates
603 2452 642 2526 δι
666 2453 920 2538 munimenta,

59 2551 106 2623 ad
138 2573 198 2625 res
234 2549 378 2625 bellicas
427 2551 464 2624 δε
500 2551 686 2624 machinas
724 2548 920 2624 struendas.

56 2650 305 2725 Arithmetica
347 2648 618 2745 Quaestoribus,
652 2650 921 2724 Mercatoribus

57 2749 94 2823 iit
118 2751 356 2824 Aeconomiae
380 2747 750 2825 administratoribus.
798 2746 863 2845 Op
874 2747 920 2818 ti·

57 2869 100 2922 ca
133 2845 360 2951 pittoribus,
394 2847 627 2923 aedificiorum
667 2843 919 2950 structoribus.

56 2946 319 3048 Horographia
338 2947 401 3051 ad
414 2946 513 3021 -stata
537 2967 715 3045 tempora*
732 2942 918 3054 Quando,

55 3047 92 3121 ὃ(
116 3049 164 3122 ad
182 3046 461 3146 horologiorum
486 3043 722 3120 diretiionem
755 3043 862 3114 dorni
877 3066 921 3117 ac

55 3150 142 3224 turi.
223 3144 309 3247 ipsis
333 3163 486 3247 quoque·
507 3141 686 3247 Agricolis
712 3159 920 3238 temporum

445 3249 479 3319 A
506 3268 522 3340 3
875 3262 919 3315 ac
