2086 3682
232 132 543 231 Architeliouica
563 134 766 229 Militarir.
869 154 952 240 281

93 299 311 386 adsolent,
338 300 469 399 quibus
491 298 631 395 reliqua
648 298 952 377 Architeuonicae

90 402 200 493 hujus
216 399 334 475 moles
352 399 543 498 superstrui
566 398 688 474 secure
706 396 822 498 poffit.
875 403 950 489 Pri·

88 524 151 580 mo
174 521 303 575 autem
331 501 377 574 de
400 498 518 586 lineis,
534 521 735 599 earumque
757 495 854 573 resta
878 502 947 575 dis·

88 598 295 701 pofitione,
333 617 512 695 quantum
553 600 600 672 ad
643 599 948 703 l'chnographiam

86 701 267 801 pertinet,
287 699 470 796 agendum
492 695 553 772 est.
817 694 820 699 ’

158 825 440 911 Fundamentum
471 828 500 901 J.
564 829 691 906 Partes
725 828 946 904 munimenti

87 930 138 1005 ita
172 931 271 1002 int'er
310 925 344 1001 se
383 927 613 1028 conspirent,
656 929 945 1024 ordinenturque

86 1026 270 1107 necellum
308 1024 383 1128 eil,
415 1048 459 1102 ut
491 1027 653 1126 pluribus
685 1049 707 1106 e
738 1025 829 1101 locis
853 1050 945 1099 unu·

86 1150 241 1227 queque
267 1125 412 1203 delendi
440 1146 552 1226 queat
568 1151 577 1210 ;
596 1124 714 1217 ¹secus
739 1129 838 1200 enim
865 1123 941 1213 fiet,

75 1238 124 1305 'tt
146 1225 262 1302 hostis
288 1228 325 1299 iu
350 1227 511 1325 quodum
534 1225 757 1300 munimenti
771 1223 856 1299 lo'co
875 1224 942 1297 im·
957 1269 977 1289 υ

82 1351 178 1427 pune
205 1322 383 1413 confistat,
410 1325 594 1423 libereque
620 1324 810 1420 cuniculos
828 1321 941 1398 strue·

81 1421 272 1526 repullit,
304 1425 367 1522 qui
394 1422 475 1500 sunt
500 1426 561 1498 via
586 1425 751 1540 proxima
777 1424 824 1498 ud
849 1442 940 1522 prae·

81 1524 217 1605 lentem
232 1525 451 1598 munimenti
464 1522 671 1627 perniciem.

149 1652 429 1732 Fundamentum
454 1651 505 1732 II.
546 1653 690 1731 Omnes
715 1653 937 1731 munimenti

79 1776 200 1859 partes
227 1754 331 1829 lineis
357 1751 462 1849 redis
482 1752 643 1856 (excipit
660 1748 758 1830 no'va
772 1756 936 1829 munien-

80 1857 118 1930 di
150 1854 349 1930 methodus
382 1851 462 1929 alas·
487 1853 780 1954 propugnaculi,
812 1854 935 1929 curvis

74 1948 309 2041 in'xauticulae
335 1953 488 2025 modum
523 1949 743 2047 instrudas)
775 1950 934 2024 constru-

75 2075 210 2138 untur3
244 2053 282 2126 id
316 2052 416 2149 quod
450 2072 497 2120 ex
529 2051 648 2147 priore
691 2046 933 2123 fundamento

74 2155 293 2237 deducitur:
328 2152 430 2224 lecus
458 2146 556 2222 enirn
582 2144 686 2220 locus
713 2141 835 2230 foret,
868 2147 933 2243 qui

74 2252 281 2337 defenfione
306 2267 459 2327 cureret.
519 2247 699 2322 Praetereu·
721 2264 832 2319 omne
851 2266 934 2345 pto,-
992 2252 998 2263 “

71 2349 323 2456 pugnaculum
367 2350 407 2425 in
447 2354 604 2424 acumen
649 2341 803 2421 desinat
825 2364 933 2446 opot-

71 2474 139 2531 tet.
248 2504 253 2515 ι
359 2500 362 2505 -
654 2489 658 2494 ·
989 2526 992 2535 Ι

147 2576 426 2663 Fundamentum
451 2576 522 2655 III.
556 2573 836 2676 Propugnuculu
849 2598 932 2650 mu·

73 2686 261 2761 nitiouum.
281 2680 483 2780 proprium,
518 2679 556 2751 in
581 2699 654 2774 qua
681 2674 929 2760 collocentur,

72 2780 378 2863 ssdemnabeant
404 2799 478 2851 non
501 2772 645 2863 lutera,
688 2773 749 2848 sed
774 2770 929 2869 angulos

117 2881 273 2989 lygoni‚
308 2873 531 2974 fueruntque
567 2872 773 2973 semperrin
791 2871 929 2967 ‘quieta
1035 2941 1038 2945 ,

70 2908 202 3063 crum
239 2971 462 3081 polleffione
537 2974 644 3050 Ratio
664 2967 728 3051 sest
757 2967 898 3053 rursum
911 3015 926 3057 ,
950 2988 975 3001 ··

70 3083 251 3165 ner-‚detur
276 3099 360 3177 pars
385 3073 423 3157 in
447 3073 668 3167 munitione,
694 3090 776 3174 quae
801 3063 934 3144 defen·

71 3182 110 3259 di
130 3195 304 3284 nequeat.
425 3226 430 3237 ·

443 3226 628 3366 84 »
