2086 3682
151 144 234 214 1¹12
374 58 375 66 Ν
455 110 583 242 Capiat
613 114 696 215 Ils'ssv

144 286 195 363 est
220 311 240 361 a
262 282 527 387 Geographo.·.
559 290 640 388 Jam
667 290 760 365 vero
783 287 829 365 ad
853 252 1005 391 mappale

141 387 299 461 haurite
322 388 541 467 ordinandas
566 390 709 488 pyxidis
723 389 1005 479 Nauticae(uul·

143 508 192 587 go
238 484 440 584 Compass)
478 490 610 563 notitia
642 488 778 587 oppido
810 488 1005 583 necessaria
1017 552 1025 565 ,.

143 584 205 660 ell.
264 579 421 662 Veteres
448 589 510 687 qui
537 589 626 662 mari
654 590 689 661 le
715 587 1003 677 commiserunt,

143 686 283 758 duabus
308 683 537 775 solummodo
562 689 631 760 viis
655 689 781 761 mundi
808 688 933 788 plagas
951 689 1004 764 in·

141 783 387 884 vestigabant,
415 788 471 860 nti
494 810 612 885 nuper
638 789 776 860 monui.
841 787 1001 864 Primam

142 902 342 985 tenuerunt
355 932 368 974 ‚
400 889 464 986 qui
489 883 602 960 noctu
628 884 808 960 stellarum
834 885 1002 962 observa·

140 980 232 1060 tioni
258 986 465 1073 vacabant,
501 992 582 1084 qua
613 988 710 1060 circa
741 985 846 1085 polos
869 1010 1001 1086 gyran-

140 1104 235 1173 tur,
275 1083 471 1185 prasertim
514 1086 674 1160 Helices·
700 1086 736 1159 ἃ
768 1086 998 1184 Cynolurae,
1033 1114 1037 1125 “

73 1186 76 1191 ’
139 1198 295 1283 quarum
324 1185 403 1260 haec
426 1185 464 1258 in
490 1185 667 1273 minoris,
702 1184 763 1257 illa
788 1187 826 1256 in
851 1185 1019 1283 majoris·

139 1282 237 1358 Ursae
262 1285 380 1357 cauda
405 1278 526 1357 sedem
557 1280 692 1380 elegit:
733 1281 903 1382 (primus
934 1309 998 1357 au·

60 1432 63 1443 ·
138 1402 216 1459 tem
243 1388 305 1481 qui
330 1381 559 1481 Cynosuram
592 1383 761 1468 detexit,
792 1378 895 1457 fullio
919 1380 998 1458 ‘fer-

135 1501 197 1558 tur
221 1480 358 1554 Thales
384 1479 569 1568 Milefius,
610 1481 673 1580 qui
704 1482 897 1556 Phoenices
931 1506 995 1557 eo·

133 1582 219 1656 dem
244 1579 356 1655 fidere
381 1601 558 1695 tanquam
585 1575 750 1680 ignifero
774 1581 812 1654 ὅ(
834 1581 930 1656 duce
954 1583 995 1658 in

18 1696 22 1703 '
133 1681 327 1757 maritimis
349 1680 540 1754 itineribus
566 1683 622 1754 uti
648 1681 795 1766 docuit,
821 1673 995 1778 quemad}

135 1780 289 1853 modum
314 1768 361 1852 'ex
387 1777 617 1871 Callimacho
643 1778 866 1854 demonstrat
885 1782 1016 1855 Lacr·v

135 1879 242 1977 tius)
281 1876 409 1954 Altera
440 1878 659 1957 incedebant
684 1880 774 1967 via,
811 1881 873 1977 qui
908 1878 995 1971 lito·

133 2000 248 2064 rum,
276 1980 641 2080 promontoriorum,
666 1980 872 2065 montium,
898 1979 995 2055 insu·

133 2072 277 2166 larum,
301 2077 552 2179 aliorumque,
579 2101 659 2176 quae
684 2078 800 2153 oculis
825 2102 992 2155 occurre·

133 2176 245 2265 bant,
284 2177 464 2279 fignorum
496 2183 652 2253 memori
676 2198 801 2253 mente
825 2179 992 2254 recondi·

133 2298 258 2353 totum
284 2275 485 2377 cognitioni
509 2298 660 2375 operam
684 2278 830 2350 dabant.
872 2280 993 2379 Qrip·
1030 2346 1033 2353 .

133 2378 294 2477 pedum
321 2397 385 2451 eos
422 2372 484 2449 vel
515 2374 662 2474 propria
692 2371 752 2449 vel
783 2373 910 2451 aliena
925 2379 991 2454 do·

127 2477 211 2552 cuit
236 2474 480 2573 experientia,
504 2496 596 2573 quus
618 2472 742 2574 plagas
768 2478 894 2550 mundi
911 2480 989 2553 haec
1013 2562 1016 2571 ,

132 2567 229 2685 ligna
254 2573 487 2678 relpicerent,
510 2574 553 2648 iis
579 2573 638 2648 vel
663 2599 684 2651 a
706 2572 815 2675 longe
842 2577 988 2677 conspe·¹

132 2680 214 2758 &in
230 2674 336 2754 facile
368 2673 652 2777 intelligebant,
683 2673 722 2748 in
752 2698 825 2773 qua
861 2678 989 2753 mundi

157 2780 266 2881 laga,
305 2778 394 2853 dum
430 2798 495 2878 per
534 2773 730 2850 Oceanum
762 2771 988 2865 volitarent,

122 2876 193 2999 'rpfi
217 2877 456 2954 versarentur.
504 2877 647 2950 Verum
669 2873 842 2971 quoniam
861 2899 883 2951 a
902 2896 989 2952 con·

20 3066 23 3071 ,
132 2999 274 3058 tanente
300 2977 445 3080 longius
470 2974 627 3073 abreptis
667 2994 735 3047 nec
773 2973 879 3048 litora
912 2999 988 3051 am·
1022 3028 1025 3033 ·

27 3076 33 3089 '
131 3079 244 3183 plius,
268 3102 335 3153 nec
357 3072 516 3154 obdulio
543 3072 698 3147 nubibus
725 3072 877 3149 &coeta
893 3093 987 3151 tem·

118 3177 273 3285 pestate
298 3175 395 3253 coelo
428 3170 478 3251 sol
502 3190 567 3249 aut
587 3169 694 3250 stella
716 3172 987 3349 conspiciendpr
1025 3242 1031 3265 ,

94 3302 96 3307 ·
119 3300 126 3309 ’
586 3324 589 3333 ·
964 3296 986 3353 e
