2084 3698
77 154 80 173 '
126 142 130 149 ’
194 262 197 267 ‚
288 150 463 275 torporis
490 147 655 281 humanit
849 149 923 267 65,

78 338 178 397 artes
201 318 423 416 dispescitur,
443 318 577 395 scilicet
601 320 638 393 in
664 339 707 390 os
728 314 850 407 Ilium,
865 342 909 395 οι

71 418 211 495 'schium
235 418 295 494 seu
310 440 454 508 coxam,
470 419 508 492 &
522 441 566 493 os
579 415 700 491 Pubis.

123 570 240 641 Attus
271 563 345 639 duo
373 554 476 651 sunt',
509 562 683 637 nimirum
715 579 845 641 manus
869 560 924 639 &-

54 664 179 765 pedes.
208 648 227 699 ⁶
253 662 383 738 Manus
410 684 520 762 porro
551 663 728 737 dividitur
765 666 802 735 in
830 661 924 735 bra-'

55 766 203 847 chium,
229 762 424 849 cubitum,
457 762 495 836 δι
518 780 720 836 extremam
746 766 919 835 manum:

55 856 248 937 Brachium
277 882 391 935 unum
422 881 465 933 os
494 859 570 948 est,
619 854 735 935 cubiti
782 877 910 933 autem

54 962 160 1037 duo:
196 972 356 1034 extrema
379 981 502 1033 manus
529 957 656 1033 multis
680 977 727 1034 ex
752 952 910 1032 officulis

55 1060 314 1159 componitur,
347 1063 527 1157 ptaecipue
551 1080 598 1133 ex
624 1078 761 1157 carpo,
794 1076 914 1132 meta·

54 1178 194 1258 carpo,
231 1158 270 1231 &
295 1158 429 1257 digitis.
487 1154 550 1229 Pes
575 1157 744 1231 continet
769 1151 910 1243 femur,

54 1260 181 1331 tibiam
208 1256 247 1329 ἃ
270 1254 451 1330 i'ummum
475 1256 619 1354 pedem·
678 1255 738 1331 Os
761 1253 912 1332 femoris

54 1360 205 1431 unicum
241 1353 292 1428 est
323 1380 345 1431 a
380 1356 578 1429 coxendice
603 1354 650 1429 'ad
675 1378 773 1455 genu
796 1354 920 1453 usquc·

55 1454 278 1553 protensum.
355 1449 472 1528 Tibia
495 1452 578 1529 sunt
599 1454 675 1530 duo
701 1450 786 1528 offa.
847 1450 912 1528 Pes

55 1574 242 1651 extrcmtts
268 1550 401 1626 tarium
417 1572 434 1640 ,·
463 1552 723 1637 metatnrsum,
759 1554 797 1627 δι
820 1553 912 1651 digi-

56 1676 116 1727 tos
142 1650 409 1749 complebiitur.
483 1654 618 1729 Praetct
649 1654 727 1726 haec
750 1650 825 1727 offa
847 1648 937 1729 soli.

55 1751 197 1829 homini
223 1750 312 1824 inest
336 1776 379 1827 os
403 1750 532 1840 iatum,
549 1752 750 1851 rotundqm
776 1753 812 1825 ἃ
834 1752 911 1845 pia-

57 1874 145 1925 num
172 1850 209 1921 in
236 1852 415 1926 anteriore
441 1872 602 1950 genuum
633 1872 736 1952 parte
758 1846 911 1943 (Patet-

58 1945 125 2023 Iant
151 1948 312 2045 dicunt)
335 1949 394 2019 cui
419 1970 552 2045 corpus
576 1951 768 2031 incumbit,
792 1972 910 2047 quum
1014 1954 1016 1961 '

105 2066 178 2121 nua
205 2040 412 2131 flestun'tur,
430 2060 560 2143 utpote
582 2042 629 2117 'ad
644 2064 757 2142 quem
778 2068 910 2119 verum

55 2070 180 2222 ssceum
205 2142 377 2218 adorandi
409 2142 521 2217 ritum
560 2138 653 2216 solus
683 2143 798 2233 homo
829 2143 910 2217 reli·

57 2264 131 2345 qua
153 2245 249 2317 inter
274 2238 442 2321 animalia
464 2240 516 2315 est
537 2240 745 2316 destinatus.
792 2242 910 2317 Caete·

54 2366 140 2417 rum
167 2339 240 2415 offa
266 2338 364 2416 sensu
389 2364 534 2424 careut3
558 2339 760 2415 vestiuntur
784 2359 911 2418 tamen

54 2442 268 2516 membrana
302 2441 465 2515 acerrimi
507 2440 647 2528 senius,
679 2463 758 2539 quae
789 2445 909 2541 perio·

52 2540 161 2629 stium
185 2557 359 2625 vocatur,
384 2562 469 2612 eum
496 2536 629 2613 scilicet
652 2540 691 2613 in
716 2538 825 2614 finem
847 2540 908 2615 ad·

55 2639 161 2811 ἔξω,
197 2658 240 2709 ut
270 2632 398 2711 offium
437 2636 589 2733 injurias
616 2637 749 2713 animal
779 2638 914 2729 sentiat,

97 2738 262 2837 giatque.
559 2752 563 2763 '
709 2778 713 2783 ·

125 2874 257 2981 ‘Atque
282 2878 360 2957 haec
384 2880 465 2958 sunt
487 2876 561 2957 ossa
573 2880 601 2971 ‚'
617 2882 799 2985 praecipua
820 2902 910 2956 con·

57 2978 271 3056 {iderntione
296 2982 403 3081 digna
428 2984 465 3055 in
491 2980 635 3069 secieto,
659 2981 827 3081 quamvis
838 2979 909 3055 alia

55 3080 178 3155 multo
202 3082 323 3155 adhuc
349 3080 453 3179 plura
486 3083 736 3181 reperiantur„
796 3078 910 3181 'Galef

57 3202 128 3255 nus
162 3200 332 3255 numerat
363 3178 443 3277 plits
475 3202 590 3278 quam
614 3181 805 3270 ducenta;
840 3182 910 3251 Ar·

64 3294 606 3365 cmuorffinomsttxmx.
695 3280 724 3355 E
797 3278 911 3353 chan·
