2086 3682
94 112 152 231 64
219 124 221 139 '
266 152 270 161 ·
309 110 438 227 Capto
469 107 567 201 [V.-
589 106 754 201 Fabrica

82 266 142 352 'na
155 322 167 363 ‚
191 270 326 363 costae,
352 296 395 348 os
419 290 672 372 anonymum„
685 264 737 348 ¹oo
762 270 949 361 sternum,

94 373 300 461 ciavicuiae,
327 372 489 472 scapuiaes
542 371 653 471 Spina
678 370 749 458 est,
776 394 859 470 quae
882 380 948 448 vri

94 476 156 548 riis
180 472 431 573 grandioribus
456 469 675 544 articulatim
702 471 880 545 connexis
896 468 947 545 os·

96 568 188 654 sibus
221 570 387 665 acronio
418 568 529 668 usque
565 569 610 643 ad
644 591 687 643 os
720 588 946 668 anonymum

90 671 264 757 excurrit,
281 668 402 769 estque
428 666 594 742 meduliae
621 666 946 756 domicilium,noti

83 767 198 844 'secus
221 792 264 842 ac
290 766 443 843 calvaria
468 765 635 849 cerebri:
664 786 839 867 praeterea
861 783 942 841 tota

67 867 148 961 ,est
179 885 436 967 coagmentata
473 864 637 962 plurimis
675 884 719 941 ac
748 858 943 963 fortiffimis

94 960 241 1054 offious,
268 987 346 1064 quae
369 965 547 1041 vertebrae
572 964 755 1049 diruuntur,
770 962 946 1063 quoniam

95 1087 223 1140 eorum
256 1087 367 1162 opera
399 1085 530 1162 corpus
555 1064 600 1136 in
625 1085 772 1137 omnem
801 1082 944 1164 partem

93 1166 186 1237 mite
213 1162 401 1237 versatur:
435 1164 601 1236 continet
626 1183 781 1261 quoque
816 1162 879 1235 iub
907 1162 942 1237 ie

94 1260 168 1337 oiia
191 1262 353 1347 cervicis,
368 1259 469 1347 dorsr,
484 1260 705 1349 lumborum,
725 1258 763 1334 &
787 1261 943 1432 ospuod

94 1360 233 1434 sacrum
249 1381 405 1446 vocant,
423 1362 580 1458 eoquod
595 1358 828 1449 srtinteroisa¹
849 1358 942 1461 pinae'

65 1501 68 1508 ·
92 1458 314 1535 maximumt
329 1458 634 1557 maximumenim
650 1452 835 1533 &sacrum'
849 1461 942 1535 anti·

90 1561 177 1658 quis
194 1557 294 1633 fuere
311 1558 507 1659 synonima.
561 1556 665 1649 costa
680 1559 847 1657 quedam
861 1556 943 1649 iuot

92 1678 191 1733 verae
207 1706 219 1742 ‚
251 1656 414 1756 quaedam
441 1656 590 1755 spuriae:
624 1655 691 1730 illae
718 1656 825 1743 sunt,
860 1652 941 1757 qnae'

92 1753 171 1830 aliis
197 1755 389 1829 validiores
419 1780 440 1828 a
467 1753 565 1855 spina
598 1756 643 1828 ad
677 1778 720 1829 os
745 1752 853 1830 sterni
876 1758 942 1833 cit·

92 1850 217 1926 culum
237 1851 401 1951 implent,
417 1850 570 1952 suntque
583 1850 725 1955 digestae
748 1856 785 1927 in
801 1852 941 1954 [eptem

90 1952 224 2051 potia:
256 1951 328 2026 istae
351 1951 444 2040 sunt,
470 1974 547 2048 quae
571 1954 691 2027 minus
711 1951 842 2028 valido
865 1954 941 2029 bre·

90 2052 286 2150 vioresque
308 2074 384 2126 non
404 2046 556 2152 implent
582 2044 771 2136 circulum}
788 2051 847 2127 sed
865 2052 937 2128 hit·

92 2165 174 2222 tum
198 2149 431 2249 relinquunt,
467 2173 623 2247 quorum
652 2151 816 2249 quinque
841 2152 938 2251 pario

91 2246 185 2322 sunt.
254 2248 299 2320 Os
314 2246 432 2337 sterni
455 2248 560 2322 costis
582 2274 603 2323 a
628 2267 731 2347 parte
757 2252 938 2326 anteriore

91 2343 311 2443 admolitur,
336 2344 535 2444 definitque
558 2349 596 2422 in
622 2347 895 2447 cartilaginem:
916 2372 935 2422 a
962 2351 964 2355 ’

89 2467 194 2545 parte
219 2467 308 2519 vero
332 2443 510 2544 superiore
534 2448 609 2520 duo
633 2443 705 2519 offa
730 2449 934 2547 protendit,

88 2566 171 2716 puae
198 2541 388 2619 Claviculae
411 2566 614 2645 vocantur,
631 2546 727 2649 quia
751 2547 868 2623 ciavis
886 2548 933 2622 in·

118 2666 158 2717 ar
180 2642 326 2717 brachii
355 2665 439 2717 cum
463 2641 578 2719 sterno
606 2640 841 2718 conneuunt.
904 2644 933 2719 A·

63 2736 191 2842 'parte
215 2741 410 2842 posteriore
437 2741 721 2843 sunt'Scapuiae,
754 2766 836 2843 quae
861 2741 932 2819 vel·

86 2843 141 2914 uti
168 2843 321 2939 geminae
346 2841 476 2931 tabulae
512 2860 727 2940 compagem
758 2843 930 2922 costarum

24 2984 27 2991 ·
86 2944 288 3037 continent.
338 2942 497 3015 Demum
517 2948 775 3040 osAnonymum
794 2940 847 3015 est
862 2940 930 3018 vei·

86 3040 142 3110 uti
170 3038 255 3112 bafis
282 3039 396 3113 totius
420 3039 560 3126 trunci,
596 3061 708 3137 quum
735 3062 781 3135 eo
805 3040 929 3115 immo·

54 3232 56 3236 .
86 3151 128 3213 to
152 3136 334 3239 reliquum
359 3156 491 3237 corpus
515 3157 730 3228 moveatur,
761 3138 928 3242 atquein

89 3242 97 3265 ²
142 3246 145 3251 ’
516 3238 519 3244 ’
862 3253 926 3314 tres
