2086 3682
145 126 233 225 284
395 136 399 145 ·
470 106 598 226 Caput
621 108 710 201 Vr.
816 116 818 122 ’

167 295 383 372 raeterquam
416 272 517 370 quod
555 271 771 349 militaribus
797 264 930 348 muniis
955 275 1004 351 ub

71 424 73 427 v
141 301 214 448 loci
241 371 439 471 angustiam
468 396 541 446 non
568 370 664 446 foret
690 392 828 471 aptum.
884 374 920 448 si
940 398 1003 450 ve·

143 498 186 551 ro
214 470 762 568 major‚partim.alaesecundae
789 469 1002 572 struduram

141 573 323 670 prohibet,
340 568 472 669 partim
499 566 628 645 faciem
656 571 922 671 propugnaculi
936 573 1001 646 ho·

138 670 244 744 stium
285 667 491 766 conspeuui
537 671 574 744 ὅ(
615 671 880 775 oppugnationi
918 669 999 774 plus

138 795 248 870 quam
278 794 343 868 par
364 767 433 856 eu,
457 787 624 866 expnnrt.'

211 933 491 1017 Fundamentum
524 934 597 1010 XI.
667 930 835 1037 Angulus
860 960 1022 1039 proptu·

134 1037 279 1136 gnaculi
312 1034 432 1109 relius
467 1039 632 1109 omnium
671 1034 722 1110 est
757 1033 993 1125 fortillimus,
1024 1089 1029 1099 ·

136 1135 200 1237 qui
232 1134 369 1216 scilicet
387 1161 390 1166 ·
406 1137 586 1215 omnium
609 1137 769 1210 maxime
809 1133 992 1209 hostilium

131 1232 382 1311 machinarum
410 1232 523 1308 furori
549 1234 684 1318 resiliit,
710 1236 990 1334 quumhacra·

131 1336 233 1409 tione
271 1336 386 1407 totius
424 1333 689 1432 propugnaculi
730 1334 842 1407 robur
884 1330 990 1409 velut

92 1487 94 1491 ⁷
131 1430 324 1508 colledum
355 1433 576 1506 irruentibus
616 1430 733 1533 globis
768 1430 836 1508 sese
874 1455 988 1534 oppo-

127 1553 202 1606 nat.

194 1674 476 1752 Fundamentum
502 1674 595 1749 XII.
639 1673 807 1778 Angulus
831 1675 986 1778 polygo'·
1014 1746 1017 1753 .

125 1778 164 1849 ni
190 1782 318 1874 nequir
344 1775 414 1848 elle
440 1795 587 1848 acutus:
617 1788 701 1849 nam
729 1773 752 1847 sr
778 1775 879 1849 secus
905 1770 993 1865 fiat}

122 1876 337 1950 munitionis
345 1897 460 1972 capax
468 1876 566 1947 haud
575 1876 781 1977 erit‚quum
789 1876 982 1952 hocmodu
996 1904 1000 1911 ·
1016 1920 1019 1925 ·

52 1994 56 2005 ·
88 2047 90 2051 ,
122 1974 278 2076 angulus
293 1973 685 2151 propugnaculifieret
707 1975 896 2048 acutus&
915 1977 981 2049 mi·

119 2098 200 2161 nor,
216 2099 325 2174 quarn
369 2075 633 2155 undamentum
660 2075 843 2148 decimum
860 2075 979 2173 requi·

118 2177 177 2248 riu
251 2175 341 2251 Hac
368 2199 459 2246 vero
486 2172 638 2272 intelligi
661 2171 772 2249 velim
788 2173 844 2267 ‘de
867 2173 978 2268 majo·
1005 2192 1023 2245 ’,

118 2275 218 2352 ribus
249 2273 309 2345 seu
336 2274 445 2368 regiis
476 2293 520 2342 ur
553 2291 691 2346 vocant
716 2271 977 2358 munimentis,

116 2396 193 2446 non
216 2371 262 2444 de
287 2366 506 2452 minoribus,
524 2391 612 2465 ›quae
642 2370 687 2443 ad
715 2367 883 2446 fruendos
906 2373 975 2474 pri·

77 2534 83 2541 .
114 2471 376 2572 mosimpetus
397 2465 666 2542 construuntur.
754 2465 764 2474 ’

143 2682 150 2705 r
191 2630 470 2729 Fundamentum
495 2632 535 2706 X
538 2630 609 2708 III.
651 2608 820 2734 Angulus
847 2633 972 2712 defen·

95 2734 221 2810 ‘sionis
254 2735 404 2808 interior
436 2752 612 2832 oportet,
648 2757 692 2808 ut
726 2759 799 2810 non
833 2734 875 2809 sit
902 2733 988 2813 mi·⁴

54 2891 57 2897 .
110 2857 181 2909 nor
212 2829 271 2923 ις.
297 2834 479 2937 gradibus.
560 2835 624 2909 Rei
650 2835 759 2927 hujus
785 2833 969 2912 necelsrta·

110 2952 187 3007 tem
212 2931 294 3006 satis
316 2931 501 3006 declarant
523 2934 777 3019 incommoda,
800 2938 882 3030 quae
902 2932 971 3012 va.
1015 2954 1018 2959 ·

108 3034 161 3107 ria
184 3033 437 3132 impenderent
456 3031 762 3130 propugnaculis:
791 3032 849 3106 vel
866 3035 967 3110 enim

108 3128 239 3275 interpr
262 3131 371 3208 nimis
396 3130 536 3217 obtula,
563 3128 624 3208 vul
645 3131 754 3207 nimis
778 3154 905 3230 parva,
925 3133 966 3213 &

901 3250 985 3313 ata
