2086 3682
111 160 114 168 ’
237 151 546 249 Arrhiieiiorrr‘ca
566 157 707 250 croilis.
841 186 925 275 207

64 322 220 417 *Numen
243 323 379 397 Davidi
405 320 563 409 obtulit,
589 341 634 397 ut
653 346 738 397 eam
766 321 928 399 Sammo*

68 422 114 496 ni⁴
138 418 215 496 filio
248 423 449 499 exhiberet.
481 422 549 512 (t)
622 424 749 522 ltaque
781 422 929 524 Tempii

68 543 172 620 aeque
210 544 255 596 ac
293 519 534 597 Tabernaculi
579 538 703 597 totum
736 521 929 599 aedificium

69 620 161 696 duas
184 616 497 720 complectebatur
520 640 663 718 partes,
688 645 800 696 unam
825 642 928 697 exte·

68 720 234 807 norem,
266 720 368 817 quod
392 715 589 806 sancium,
637 719 746 795 aliam
780 722 931 797 interio-

69 841 161 905 rem,
182 820 283 918 quod
310 815 479 894 Sentium
503 815 720 896 Sanbiorum
743 843 930 921 nuncupa·

70 917 189 1004 batur,
200 914 341 1015 adjecto
367 938 453 993 ante
468 914 640 992 Sentium
665 919 801 1018 duplici
819 921 927 1007 atrio,

92 1017 354 1118 uorum'prius
370 1018 628 1093 Sacerdotibus
654 1016 863 1092 holocausta
876 1019 932 1092 of·

70 1041 299 1207 inentibus,
329 1114 487 1192 alterum
512 1119 692 1192 remotius
717 1115 855 1216 populo
883 1114 932 1191 sa·

54 1208 205 1293 'crificia
228 1211 402 1316 spetianti
426 1211 539 1291 ceiiit.
614 1213 760 1315 Templi
794 1213 933 1291 fabrica

68 1316 147 1391 haec
169 1337 279 1390 erare
317 1315 530 1415 Longitudo
555 1314 633 1411 ejus
658 1314 842 1416 sexaginta
866 1338 926 1391 cu·

69 1416 185 1505 bitot,
222 1414 354 1515 viginti
378 1414 563 1503 latitudo,
596 1415 753 1492 altitudo
779 1416 931 1517 triginta

70 1513 298 1614 occupabat,
322 1515 378 1587 uti
403 1513 493 1589 liber
520 1516 650 1590 tertius
676 1517 818 1612 Regum
844 1516 928 1611 (u)

71 1611 232 1689 restatur.
283 1613 425 1688 Verum
453 1638 566 1713 quum
592 1615 630 1689 in
655 1613 747 1690 libro
773 1609 931 1690 secundo

71 1711 367 1813 Paralipomenon
399 1716 577 1788 dicatur:
625 1710 741 1787 Porro
773 1710 930 1790 altitudo

70 1824 209 1888 centum
239 1812 380 1912 viginti
403 1810 605 1888 cubitorum
624 1816 730 1901 e'rnt,
755 1839 839 1888 curn
867 1813 929 1889 Ri-

70 1913 170 1999 bera‚
196 1910 429 2010 Viiarpando,
456 1912 631 1990 Cornelio
655 1937 676 1985 a
702 1913 852 2011 Lapide,
869 1909 931 2011 aii·

70 2012 178 2109 isque
210 2011 246 2084 S
262 2011 466 2107 Scripturae
488 2009 747 2106 interpretibus
778 2009 931 2085 afferen-

71 2111 161 2183 dum
185 2108 256 2184 effe
277 2109 446 2194 videtur,
479 2106 708 2179 altitudinem
735 2107 860 2202 tempii
885 2107 947 2203 ad·

97 2211 227 2285 rimam
251 2206 368 2307 usque
391 2204 706 2304 contignationem
732 2202 791 2280 seu
810 2205 934 2289 Tabu-

71 2234 190 2384 Ecum
214 2309 372 2407 primurn
407 2307 580 2406 triginta,
612 2301 726 2404 usque
763 2305 809 2381 ad
841 2300 934 2379 sum·

72 2430 171 2483 mam
210 2429 303 2482 vero
341 2407 656 2507 contignationem
698 2404 759 2478 seu
793 2401 941 2479 testum

74 2508 254 2583 summurn
294 2507 337 2582 &-
355 2505 590 2607 pinnaculum
625 2526 775 2579 centum
809 2506 934 2581 &vi-

75 2606 165 2707 ginti
187 2606 332 2685 cubitos
357 2604 519 2705 aequaffe.
572 2605 692 2679 Fronti
714 2604 821 2703 ipfius
843 2611 939 2679 terni
1023 2610 1026 2619 ’

98 2706 123 2781 li
145 2706 312 2808 porticus
335 2701 478 2803 objecit
510 2702 599 2788 fuit,
633 2703 743 2802 longa
779 2705 933 2790 decem,

74 2731 146 2882 Era
172 2805 306 2906 viginti
334 2807 498 2879 cubitos:
525 2802 743 2878 vestibulum
766 2803 934 2877 hocerat

70 2905 201 3006 tempii
217 2925 308 2980 rum
333 2906 379 2978 ad
403 2901 710 3003 magnificentiam
736 2899 930 3000 &elegan-

72 3006 179 3096 tiam,¹
203 3023 288 3078 tum
314 3003 361 3085 ad
385 3004 489 3077 ulum
513 2997 657 3086 santio,
682 2996 811 3083 idest,
837 2997 933 3098 parti

868 3120 932 3174 ex·

149 3215 195 3300 (t
210 3160 240 3295 )¹
257 3233 289 3279 1.
301 3208 504 3295 Pontinas.
558 3248 561 3252 ·
693 3204 694 3209 ’

131 3303 224 3425 (u)
257 3328 290 3396 3.
305 3305 387 3394 Rrg.
415 3306 487 3378 ab.
504 3307 540 3378 δι
554 3326 586 3378 2.
605 3302 711 3374 Parar.
731 3302 811 3393 ’0.3.
