2086 3682
139 90 241 231 336:
448 79 575 242 Cuiam
613 102 662 198 V
659 108 711 227 ll.

139 277 201 352 stis
233 273 351 373 huius
374 269 530 347 selentia
567 271 678 373 adyta
714 258 906 372 penetrare
945 270 998 368 ju·

137 395 215 454 vat.
243 406 254 425 ·“
283 416 293 441 «z
502 403 519 417 ’·
876 402 879 407 ’

513 549 552 666 i·
588 547 672 640 ll(

161 794 164 799 ·
204 811 206 814 -
334 741 533 835 Doiiritto
580 678 791 863 spherica.

366 1010 372 1027 „
517 942 616 1016 LlX.

215 1069 409 1148 sironomia
433 1070 485 1148 est
517 1072 604 1146 coeli
631 1094 900 1172 corporumque
926 1096 995 1148 cot·

248 1170 390 1247 leliium
427 1172 595 1261 scientia,
622 1166 909 1270 nobiliffimaque
935 1194 994 1246 ars

133 1267 221 1356 illa,
245 1272 309 1344 vix
334 1292 409 1344 non
432 1270 566 1386 superis
591 1270 817 1358 invidenda,
850 1292 931 1370 quae
953 1269 1001 1343 fi·-

134 1384 237 1455 tum,
264 1389 428 1456 motum,
452 1369 678 1456 distantiam,
703 1370 994 1468 magnitudinem

132 1465 299 1554 siderum,
325 1468 523 1568 omniaque
548 1471 798 1568 phaenomena‚
826 1490 907 1566 quae
928 1491 993 1542 no·

132 1566 189 1652 bis
228 1567 442 1641 mortalibus
478 1588 583 1641 tanto
629 1565 821 1640 intervallo
866 1561 991 1642 diffitis

131 1664 239 1741 velut
284 1667 478 1766 prodigum
510 1662 628 1741 nostra
656 1666 693 1737 in
725 1661 993 1753 obleslamenta

132 1761 270 1837 coelum
309 1762 385 1838 fere
424 1764 588 1865 quotidie
630 1762 829 1863 sponteque
862 1762 989 1853 offert,

130 1859 275 1936 adscitis
297 1864 335 1938 in
357 1886 466 1963 opem
492 1868 601 1937 certis
629 1863 848 1962 quibusdam
874 1864 990 1981 hypo·

130 1960 315 2049 thefibus‚
340 1976 498 2037 'naturae
535 1983 658 2037 rerum
715 1961 988 2050 consentaneis,

109 2059 311 2135 'scrutatur
353 2061 584 2162 &explicat
604 2094 621 2131 es
661 2067 785 2160 Atque
817 2063 869 2137 ita
906 2083 990 2161 pro·

128 2161 250 2259 prium
275 2159 479 2257 Astronpmi
506 2184 638 2234 munus
663 2158 713 2233 est
738 2180 823 2235 ante
843 2162 987 2249 omnia,

129 2279 175 2330 ut
197 2259 361 2358 diligenti
393 2255 601 2359 alliduaque
638 2256 789 2333 fiderum
823 2257 988 2333 observa·

129 2357 231 2430 tione
257 2354 438 2455 copiosam
463 2360 787 2458 phaenomenorum
818 2359 856 2432 in
879 2356 985 2432 coelis

97 2457 99 2463 ’
129 2458 382 2555 apparentium
408 2452 688 2555 suppelledlilem
713 2457 887 2556 colligate
904 2477 986 2531 tum

129 2575 174 2626 ut
199 2554 418 2654 hypotheses
451 2552 712 2653 improbosrbi
741 2555 858 2630 studio
883 2578 984 2631 com·

128 2675 254 2752 paret,
280 2654 411 2752 quibus
435 2655 505 2729 cite
529 2651 701 2749 dispostis
726 2651 878 2740 cunda,
904 2678 984 2754 quae

128 2750 355 2828 observando
377 2750 550 2849 collegit,
587 2773 720 2827 aeterna
753 2753 849 2853 quast
875 2751 984 2855 lege,

122 2851 328 2952 ordineque
366 2871 545 2951 perpetuo
594 2848 691 2948 sequi
718 2850 982 2949 demonstret:

128 2951 276 3023 tandem
302 2956 346 3022 ‘ut
365 2946 426 3023 vel
448 2949 635 3043 mach'mas
661 2949 845 3024 construat
871 2974 914 3024 ac
928 2953 983 3025 in·

128 3043 325 3122 strumenta
359 3042 418 3120 fibi
452 3043 627 3136 fabricet,
670 3051 802 3148 quibus
839 3052 982 3149 phaeno·

120 3166 234 3221 mena
259 3142 478 3247 illa'partim
509 3170 530 3222 e
561 3144 658 3221 coelo
685 3148 729 3221 'in
753 3169 868 3224 terras
896 3171 981 3225 evo·

216 3283 218 3287 ·
286 3268 310 3279 ··
402 3284 415 3291 ··
900 3268 982 3324 cata
