2086 3682
34 179 44 217 r
77 76 80 84 Α
352 136 612 258 Grograplria.
863 122 920 265 83

64 327 133 403 que
158 303 348 402 Euphrate
371 328 456 377 cum
482 305 550 379 suis
575 326 711 383 terram¹
739 306 921 382 Chanaan

61 403 291 501 occupavit:
317 403 430 501 Jacob
459 428 547 478 vero
573 404 730 505 josepho
754 404 828 481 lilio
854 428 920 506 per

60 521 180 577 totam
205 503 407 600 AEgyp'tum
434 503 646 578 dominante
672 526 716 578 eo
746 505 779 583 se
802 526 921 580 trans·

59 600 145 675 tulit
171 622 258 673 cum
285 601 404 702 ampla
431 602 566 677 lamilia
591 602 676 677 sua:
700 627 772 703 qua
796 603 919 679 rursus

58 699 200 775 deserta
225 699 344 774 Moses
369 724 451 773 cum
479 703 579 774 omni
597 703 753 776 Hebraeo
776 703 917 804 populo

58 798 94 874 in
119 820 236 873 terras
262 825 282 870 a
309 802 390 873 Deo
411 799 596 900 promissas
620 803 803 900 migravit.
841 805 917 878 Ha·
1006 798 1015 849 ἶ

58 921 139 975 rum
154 921 227 997 ope
244 920 578 998 peregrinationum
602 899 725 973 multa:
748 903 916 1000 regiones

57 997 146 1071 Asrae
176 993 382 1096 Africaeque
399 1045 411 1083 ,
443 1021 555 1096 regna
585 997 623 1070 δι
647 1019 801 1096 gentes,
860 1023 918 1076 uae

59 1094 139 1172 suos
164 1098 268 1169 intra
288 1095 378 1168 fines
406 1094 626 1182 latitabant,
642 1094 810 1175 ,deteilae
832 1023 918 1172 lue.

57 1214 156 1268 runt.
227 1194 432 1270 Succeffete
454 1196 511 1268 his
531 1195 802 1294 expeditiones,
825 1220 918 1295 prte-

56 1290 164 1395 cipue
191 1293 386 1371 Alexandri
417 1297 467 1369 M.
495 1297 747 1382 Romanorum
772 1294 810 1368 ἃ
833 1298 916 1370 Par·

56 1394 221 1467 thorum.
283 1393 401 1467 Multa
426 1395 546 1482 enim,
570 1412 614 1467 ut
636 1396 687 1469 ait
711 1391 916 1471 Eratosthe-

56 1504 119 1567 nes
142 1491 243 1592 apud
270 1493 509 1581 Strabonem,
547 1493 811 1582 innotuerunt,
849 1494 914 1569 ubl
944 1502 947 1511 '

56 1592 286 1678 Alexander,
310 1594 372 1690 qui
398 1611 458 1666 tot
482 1592 597 1666 ferme
622 1587 802 1680 vistoriis,
844 1612 916 1668 uot

57 1687 212 1789 paffibus
235 1689 354 1771 Adam
379 1692 604 1791 peragravit,
630 1714 800 1791 magnam
817 1616 914 1766 illius

56 1785 199 1878 portem
234 1790 447 1887 &Europae
473 1791 639 1889 regiones
664 1792 913 1889 Septentrioni

10 1902 14 1911 ⁴
58 1886 234 1986 subterias
263 1889 310 1962 ad
343 1888 469 1975 lstrum
505 1890 617 1988 usque
648 1913 776 1964 omnes
806 1892 913 1965 nobis

57 1991 212 2089 operuit.
264 1988 419 2074 Romani
446 2012 536 2062 vero
563 1989 659 2061 orbis
678 2013 773 2079 pene
787 1990 917 2063 Domi·
987 1998 990 2003 ’

56 2089 92 2161 ni
113 2089 290 2164 occiduas
316 2090 468 2185 Europae
492 2108 606 2159 terras
642 2083 757 2181 usque
783 2089 838 2158 ad
854 2086 913 2161 Al·
998 2110 1000 2115 ·

10 2214 12 2223 ·
56 2185 128 2263 bim
175 2183 358 2269 fluvium,
396 2186 458 2281 qui
495 2184 730 2257 Germaniam
761 2184 798 2255 in
822 2184 914 2260 duae

56 2308 180 2385 partes
204 2284 358 2371 dividit,
384 2285 421 2357 dr
446 2306 526 2382 quae
551 2301 654 2358 trans,
677 2279 805 2355 lstrum
831 2281 915 2358 sunt

57 2384 170 2487 nsque
194 2384 242 2457 ad
267 2385 410 2482 Tyram'
431 2379 604 2470 fluvium,
630 2405 816 2456 armorum
835 2382 913 2483 glo·

10 2494 16 2509 '
57 2486 105 2563 'ria
130 2482 368 2559 illustrarunt.
419 2482 519 2576 ,Qtin
547 2482 584 2554 dt
608 2479 738 2554 Afrieae
755 2502 909 2583 partem,

10 2630 12 2637 ·
59 2606 125 2682 qua
147 2583 447 2682 Septentrionem
474 2577 636 2678 spoliat,
668 2583 790 2656 eversa
818 2583 911 2656 Car·
1030 2578 1033 2585 “

59 2684 205 2783 thagine
231 2682 269 2757 in
293 2681 499 2780 provincias
521 2678 669 2752 divisam
686 2679 910 2778 posterorum

58 2783 243 2855 memoriae
268 2780 503 2877 reliquerunt.
557 2777 738 2851 Ulteriora
755 2779 914 2850 veroni·

19 2925 23 2935 ·
54 2902 125 2977 ,qne
151 2882 198 2955 ad
225 2879 434 2952 Maeotidem
462 2875 581 2948 lacum
605 2877 641 2950 δι
659 2898 760 2950 oram
776 2875 913 2947 mariti·
939 2901 949 2925 ³

56 2999 166 3065 mam,
189 3000 273 3078 quae
300 2978 345 3050 ad
367 2977 532 3063 Colchos¹
557 2973 693 3059 linitur,
720 2973 912 3045 Mithrida·

30 3100 112 3157 tes
139 3100 399 3182 cognomento¹
432 3074 726 3180 Erindropflcum
758 3077 911 3172 dacibus
944 3120 945 3124 =
986 3088 989 3099 ’

10 3214 15 3225 ·
58 3184 125 3263 suis
150 3211 261 3279 notas
285 3187 454 3263 reddidit.
521 3184 644 3263 Parthi
662 3181 911 3279 Hyrcaniam,
1003 3258 1008 3271 ἱ

104 3293 640 3370 B1nL10rrr.Dorrtase.L1n.lX.
730 3279 755 3350 F
847 3279 914 3354 Ba·
