2086 3682
326 134 380 224 H
383 120 514 249 istorio
541 131 733 247 Iisotiesss.
837 146 842 161 ‘
906 169 975 255 43ι

119 302 229 378 etiam
272 298 433 400 purpura
479 300 642 400 infignes.
726 303 783 376 De
825 302 973 379 Tiberio

118 401 277 480 Claudio
297 399 438 475 Caesare
462 398 656 473 Suetonius
681 423 874 489 memorat,
886 402 974 479 erim

115 503 151 577 in
177 499 419 575 Astronomiae
445 495 559 573 studio
583 519 726 573 tantum
751 499 866 575 secisse
891 525 972 602 pro·

114 597 275 689 fesium,
302 620 345 672 ut
369 594 666 698 singulu‘eciypfis
691 621 880 675 momenta
895 601 973 676 vei·

113 702 168 774 uti
194 697 397 775 coesestium
427 698 652 773 arcanorum.
672 696 837 774 conscius
867 722 971 777 certo

112 823 236 874 rerum
265 795 424 872 successu
480 798 671 891 raedixerit.
750 798 896 873 Accidit
926 821 971 879 ut
1009 874 1019 885 ,

111 898 213 996 ipso,
241 921 351 996 quern
375 822 533 972 nataiem
559 914 714 997 egerat,
747 899 805 973 die
835 897 884 973 soi
909 901 971 978 de·

112 995 249 1073 fesium
277 995 367 1071 effer
425 995 573 1070 assutus.
648 998 776 1090 Quare
800 997 972 1089 vetitus,

110 1120 157 1173 ne
191 1021 429 1195 superstitiosa
470 1094 570 1193 plebs
603 1093 786 1168 turnultus
812 1097 972 1172 occasio·

112 1221 194 1271 nem
220 1220 241 1270 e
265 1195 361 1270 coelo
388 1215 558 1294 peteret,
590 1194 746 1294 publicis
778 1193 970 1295 evulgavit
994 1224 997 1229 ¹

112 1294 242 1369 tabuiis
261 1314 343 1368 'non
368 1295 481 1368 modo
506 1293 674 1368 futurum
698 1292 736 1366 id
761 1293 968 1371 Phoebide·

110 1393 288 1495 liquium‚
318 1396 585 1469 verumetiam
613 1414 776 1492 tempus,
804 1415 881 1493 quo
905 1388 970 1471 ste·

110 1515 166 1569 ret
180 1514 197 1578 ‚·
227 1517 369 1567 moram
407 1502 479 1593 qua
516 1495 697 1580 duraret,
737 1496 891 1567 modurn
929 1492 969 1570 δε

111 1591 271 1682 caussas,
294 1591 343 1667 ob
357 1615 450 1691 quas
473 1594 620 1669 evenire
641 1589 823 1672 necessum
849 1590 967 1682 soret,

111 1693 227 1768 avidis
249 1691 302 1767 rei
328 1688 585 1790 spectatoribus
608 1690 729 1789 palam
750 1688 849 1765 fecit.
883 1690 968 1768 Nec
1004 1713 1023 1772 t

111 1792 307 1867 desuerunt
334 1793 502 1866 Romano
530 1793 566 1864 in
594 1791 750 1889 imperio
783 1790 966 1867 Successo-

110 1915 186 1978 res,
211 1890 286 1989 qui
301 1887 455 1964 scientiae
481 1891 589 1983 huius
599 1887 826 1987 ‚praesertim
840 1889 966 1967 nstro·

108 1988 439 2089 nomiae'patronos
467 1987 825 2088 sesoprofiterentut
838 2037 852 2077 ‚
890 1991 975 2075 Hir-s

110 2090 282 2177 titianus,
309 2091 361 2162 Μ.
385 2087 558 2163 Aurelius
578 2087 815 2174 Antoninus,
840 2088 878 2162 &
904 2090 964 2164 Se.

108 2190 261 2307 ptimius
283 2190 469 2271 Severus,
503 2206 659 2284 quorum
686 2202 773 2259 aetas
801 2184 840 2259 δε
862 2178 969 2262 savin·
1008 2184 1010 2188 ’

109 2287 264 2388 insignes
307 2288 394 2362 artis
437 2285 547 2380 hujus
586 2284 799 2359 candidatos
837 2307 993 2458 propo.
1036 2298 1039 2303 '

108 2390 201 2464 nuit.
279 2386 359 2460 Hos
393 2386 488 2460 inter
521 2382 627 2468 facile
655 2384 859 2484 ¹praecipuus
911 2385 966 2458 uit
1012 2396 1013 2401 ’

104 2484 290 2565 Claudius
320 2484 540 2561 Ptolomaeus
569 2482 792 2573 Peiusenfis,
818 2485 864 2559 de
914 2490 965 2559 uo

108 2583 338 2705 paragrapho
372 2582 541 2683 superiori
570 2583 729 2659 memini.
793 2584 874 2658 Viri
953 2622 968 2642 ·
1021 2637 1023 2640 Α

86 2706 163 2781 xrus
189 2687 229 2758 in
254 2680 520 2757 Astronomiam
544 2683 673 2755 merita
699 2680 805 2756 nuliis
826 2681 878 2755 sat
891 2678 968 2756 lau·

108 2778 214 2861 sibus¹
228 2779 356 2856 extolli
382 2781 537 2880 possunt.
591 2781 835 2878 Praeterquam
856 2781 970 2870 enim,

71 2904 75 2913 ·
98 2884 209 2984 ¹quod
226 2882 427 2980 Hipparchi
451 2881 680 2979 aliorumque
695 2880 876 2953 Veterum
893 2900 969 2952 tor·

110 2980 213 3059 lestes
250 2979 523 3056 observationes
553 2978 766 3078 collegerit,
798 2979 981 3057 emendo.

74 3120 78 3129 ·
110 3084 181 3168 rit,
223 3101 269 3153 ac
305 3081 458 3179 propriis
502 3075 626 3152 audias
669 3075 834 3149 inventis
864 3073 970 3150 velut
1028 3160 1032 3170 ,

110 3178 322 3258 minutum
351 3171 457 3254 uobis
478 3177 694 3276 reliquerit,
717 3172 856 3272 primus
874 3169 966 3290 suit3

429 3328 432 3337 .
538 3290 540 3295 ·
899 3293 965 3370 qut
