2086 3682
38 123 46 133 “
126 146 218 241 49α,
314 140 319 151 ·
443 105 571 235 Caput
604 102 649 205 V
651 106 710 205 II.

130 277 435 383 annbtumiapsu
472 274 680 383 irrepserat,
710 272 886 359 velutin
912 300 1020 358 mo··

130 406 258 465 mento
285 379 444 457 fublatus
471 372 555 463 fuit.
604 380 686 453 iit
714 401 839 455 autem
871 382 995 482 impo·

129 482 265 561 sterum
291 477 350 556 ille
376 501 478 555 error
503 477 734 566 evitaretur,
773 501 821 554 ne
856 478 994 557 scilicet

131 560 262 667 aiiii.
290 576 581 677 Calendsnprii.
606 573 884 675 AEquinodiium
910 604 1000 657 ver.

31 740 35 749 .
130 706 222 759 num
249 676 605 779 denuo'recedcret,
622 676 747 753 statuit
772 676 994 779 Gregorius,

134 780 335 859 Bissextum
363 796 496 876 quarto
519 800 670 877 quoque
694 802 790 854 anno
815 780 889 871 (ut
915 804 995 856 mo·

99 878 103 887 '
135 883 185 959 tis
226 883 347 972 erat)
384 877 590 952 continuari
624 857 784 965 debere,
829 880 1023 980 exceptis·

134 977 340 1073 centesimis
365 976 572 1075 quibusque
600 977 729 1064 aunis,
766 976 828 1073 qui
867 1001 1000 1077 quam·

132 1072 191 1156 vis
214 1072 413 1154 bissextiles
441 1096 551 1150 antea
574 1070 712 1176 semper
731 1073 998 1176 fuerint(qua·

133 1178 208 1255 lem
235 1177 347 1252 etiam
382 1172 453 1251 esse
476 1173 611 1263 *voluit
641 1198 779 1249 annum
816 1177 857 1251 M
888 1178 996 1265 Dc,

135 1274 372 1355 cottedionis
403 1296 501 1351 anno
526 1273 771 1371 proximum)
804 1273 884 1375 post
909 1298 998 1351 eum

137 1396 264 1454 tamen
290 1374 468 1461 sancivit,
501 1391 542 1446 ut
572 1374 637 1470 qui
672 1374 844 1475 deinceps
869 1388 998 1451 occu't·

134 1496 260 1565 retent
286 1467 491 1561 centesrmi,
530 1493 606 1546 non
644 1494 775 1549 omnes
799 1474 997 1551 bissextiles

137 1572 278 1663 effert,
310 1568 376 1648 'ied
413 1573 454 1647 in
489 1571 643 1669 quadrin
670 1575 765 1649 entis
808 1575 997 1672 quibusvis

87 1736 90 1741 .
136 1678 243 1753 annis
267 1673 374 1775 primi
414 1665 489 1745 tres
520 1673 706 1757 eenteuni
739 1671 809 1748 fine
841 1674 997 1767 bissexto

41 1839 46 1845 .
137 1772 466 1873 traniigertenturs
488 1789 646 1869 quartus
672 1794 763 1848 vero
782 1774 1000 1849 centefimus

137 1873 227 1953 esset
261 1868 474 1956 bisiextilis,
508 1871 561 1945 ita
593 1890 636 1948 ut
674 1896 792 1951 annus
834 1884 997 1961 1800:

24 1974 30 1983 ’
140 1990 285 2063 1900
310 1968 511 2046 bissextiles
531 1992 606 2045 non
632 1970 718 2059 fint,
751 1968 848 2047 anno
874 1990 1001 2055 autem

135 2092 262 2151 2000
295 2093 399 2146 more
437 2066 612 2167 consueto
646 2070 722 2145 dies
743 2064 926 2149 bissextus
951 2073 1000 2146 in·

139 2169 414 2258 tetcalaretut,
441 2167 634 2245 Februario
668 2171 754 2246 dies·
778 2194 850 2261 29.
876 2192 1001 2253 nume·

136 2290 244 2351 rante
276 2297 285 2340 ε
322 2270 497 2368 idemque
532 2269 626 2359 ordo
664 2266 934 2365 intermittendi
960 2292 1003 2355 ac

136 2362 378 2451 intercalandi
402 2364 598 2445 bissextum
638 2368 735 2444 diem
768 2371 804 2443 in
832 2371 1002 2471 quadrin·

137 2472 260 2575 gentis
285 2468 494 2569 quibusque
516 2468 619 2542 aunis
645 2487 825 2568 perpetuo
864 2466 1004 2552 conser-

137 2588 301 2651 varetut.

231 2773 382 2859 Annum
428 2757 713 2845 Ecclefiafflcum
752 2772 790 2848 δι’
826 2765 1005 2851 Calenda-

142 2871 241 2949 rium
283 2864 557 2968 Gregorianum
592 2890 669 2946 tam
713 2869 809 2948 felici
844 2872 1005 2953 successu

144 2970 385 3049 emendatum
435 2983 539 3044 totus
588 2974 859 3073 propemodum
912 2975 1006 3050 orbis

85 3054 92 3091 ¹
147 3068 376 3153 Christianus
405 3088 492 3145 curu
521 3064 651 3171 plausu
686 3074 856 3174 excepit,
889 3066 1006 3189 acci·

913 3192 1005 3251 urta·
