2086 3682
331 111 505 231 rumoris
532 108 728 223 humani„
878 114 946 227 ,63

99 272 159 353 Os
182 274 355 374 occipitia
375 294 493 351 totam
522 273 597 349 fere
624 272 797 374 posticam
824 276 952 375 eapitis

79 393 242 473 .-partenr
268 395 437 475 occupat
511 372 600 448 Olla
625 395 832 471 temporum
860 376 952 453 aurif

100 476 170 548 bus
194 472 382 569 adjacent,
412 495 620 569 nomenque
648 470 749 545 suum
776 472 859 544 inde
883 472 952 546 sor·

98 574 243 646 tiuntur
256 620 270 660 ,
302 572 401 671 quod
427 572 475 646 ibi
497 572 615 670 primo
639 567 777 646 senecta
803 594 868 669 per
891 586 978 645 car-¹

97 694 168 747 nos
191 672 346 771 prodere
371 668 405 747 se
429 671 588 768 incipiat.
658 667 717 745 Os
739 667 952 767 cunerforme

96 764 206 844 litum
236 769 287 844 est
321 771 358 844 in
384 770 503 844 media
531 765 599 855 bal
633 770 760 867 capitis
793 767 830 841 dr
855 782 952 841 ceree

96 868 164 957 bro
190 867 298 943 instar
327 864 556 948 fundamenti
586 864 829 942 substernitur.
892 866 950 941 Os

93 960 326 1060 cribrifarme
349 964 457 1041 instar
482 965 636 1138 spongiae
667 966 794 1065 opplet
817 987 951 1040 cavum

96 1067 256 1152 narium,
282 1065 323 1141 dt
341 1064 469 1169 multis
509 1066 728 1141 oraminibus
750 1066 847 1152 hiat,
895 1088 950 1151 uae

94 1166 145 1241 -a‘rd
165 1166 334 1264 pituitam
357 1164 624 1241 exonerandam
642 1164 851 1240 inserviunt.
866 1088 950 1237 qFa·

95 1265 168 1341 cies
191 1262 330 1358 constat
357 1264 511 1381 geminis
535 1259 667 1339 offibus
681 1263 882 1364 precipuis,
898 1264 963 1347 ni·,

93 1365 232 1437 mirum
277 1362 423 1438 maxilla
466 1360 647 1461 superiore
684 1386 729 1437 ae
766 1360 947 1436 inferiore.

99 1462 269 1562 Superior
292 1460 343 1537 est
367 1462 589 1537 immobilis:
617 1460 761 1535 mobilis
788 1460 949 1548 inferior,

97 1577 147 1649 ut,
166 1557 297 1634 serviat
316 1579 395 1635 tum
421 1562 467 1635 ad
491 1558 786 1635 manducandum
806 1558 949 1632 tumad

95 1654 336 1757 loquendum.
397 1660 551 1759 Utrique
578 1657 780 1758 infiguntur¹
802 1662 949 1746 dentes,

96 1779 258 1857 quorum
283 1777 441 1856 quatuor
465 1759 572 1843 medii
605 1777 788 1832 vocantur
818 1755 961 1846 Incisa·

96 1879 173 1941 rer,
197 1856 284 1952 quia
307 1856 425 1929 veluti
449 1853 616 1932 scindunt
638 1860 763 1941 cibos;
791 1858 847 1930 his
869 1858 948 1932 ¹duo

89 1956 269 2049 ,utrinque
296 1949 519 2039 succedunt,
549 1954 612 2050 qui
634 1954 782 2028 Canini
800 1950 963 2052 propter

93 2048 252 2134 'acumen
275 2050 314 2123 dr
339 2050 510 2128 duritiem
537 2071 818 2150 nuncupantur3
846 2050 948 2149 quod

94 2153 196 2243 eninr
221 2147 379 2224 scindere
404 2173 450 2223 ne
476 2167 592 2225 ueunt
616 2148 690 2247 illi,
714 2145 948 2249 confringunt

95 2248 163 2339 isti.
231 2248 373 2348 Reliqui
399 2173 557 2324 Mellarea
591 2246 764 2323 dicuntur
787 2273 807 2320 a
833 2246 951 2349 figura

97 2341 312 2436 &officim
348 2418 351 2423 ,
375 2349 461 2448 quia
489 2346 595 2425 velut
623 2347 762 2521 lapides.
791 2348 948 2423 molares

141 2471 210 2523 ana
235 2445 433 2534 frumenti,
470 2445 515 2521 fic
547 2446 657 2522 illici
684 2466 726 2522 os
750 2466 949 2523 conterunt

98 2470 141 2621 ll
169 2546 409 2621 commolunt.
485 2544 687 2621 Univerfim
716 2546 755 2623 in
786 2547 948 2623 humana

97 2644 192 2722 facie
224 2646 293 2719 rite
323 2643 518 2720 constituta
543 2644 670 2720 dentes
699 2644 847 2747 triginta
872 2646 947 2719 duo

96 2745 339 2846 reperiuntur,
354 2750 522 2843 quamvis
548 2744 614 2818 sint
641 2743 767 2844 aliqui,
783 2746 845 2842 qui
857 2765 946 2844 paru·¹

97 2845 216 2921 tiores
232 2845 394 2933 habent,
419 2846 490 2921 rari
506 2843 568 2944 qui
587 2842 720 2943 plures.
928 2854 947 2869 ··

67 3006 70 3011 ’
166 3021 356 3095 Truncum
372 3019 523 3108 alteram
545 3019 665 3098 sceleti
684 3035 826 3120 partem
847 3020 949 3105 eom-J

97 3141 243 3223 ponunt
277 3116 351 3197 olla
382 3122 562 3231 precipue
597 3120 679 3208 lex,
717 3138 849 3218 nempe
884 3114 947 3218 spi-

372 3244 376 3249 '
604 3252 608 3265 ·
793 3256 806 3265 ··
855 3230 949 3311 '1¹²2'
