2086 3682
78 147 174 239 324
231 79 233 83 ‘
359 116 649 239 napum
713 194 717 201 .
815 188 821 203 .

87 309 168 386 qnae
184 281 412 384 pregrandes
426 282 556 384 globos
578 282 819 366 incendiarios
846 279 945 377 jaun

83 383 301 486 parabolica
315 383 357 457 in
372 407 478 457 auras
499 385 665 471 evibrat,
693 406 779 457 cum
805 384 946 482 ingenti

86 487 375 611 circumqupque
413 481 562 582 strage,
601 505 715 582 quum
754 481 945 577 descende·

27 664 39 676 ..
86 584 179 672 rint,
199 604 287 655 tnox
311 574 534 657 diffilientes:
578 579 743 655 Fulmina
758 604 840 680 quae
856 583 956 656 dua·.

31 752 40 767 s
88 683 156 756 bus
191 681 271 770 his,
296 677 726 756 scilicettortnentoium
749 680 787 754 δι
811 701 947 755 motta·

86 778 253 868 iiorum,
280 778 459 854 machinis
495 775 731 878 afflantur,
764 777 846 854 sunt
881 804 948 853 va-

87 880 152 954 riae
169 878 272 953 sortis
287 905 308 947 t.
322 877 439 953 veluti
464 874 626 979 pyroboli
645 875 859 980 grandiores
884 876 947 952 sen

64 977 169 1080 'pila
192 978 487 1076 pyrotechnicae:
521 979 538 1073 (
558 978 623 1056 vul
650 1002 673 1053 o
697 973 833 1051 Baraba
847 985 865 1072 )
880 994 957 1079 py·.

89 1071 202 1151 raboli
223 1071 360 1151 hamati
382 1075 412 1179 (
427 1075 604 1172 carcaffl’s.
659 1079 722 1175 qui
743 1078 856 1150 muris
879 1099 959 1151 aut·

87 1174 214 1264 tentis,
231 1178 269 1251 in
290 1197 373 1274 quae
392 1178 582 1264 incidunt,
607 1172 704 1253 affixi
727 1175 878 1270 stragem
893 1175 945 1273 ia-

88 1295 128 1350 te
156 1293 348 1374 patentem
370 1276 513 1358 edunt.
546 1278 608 1351 ubi
635 1268 912 1372 disrumpuntur
935 1296 948 1349 a

81 1370 225 1478 grando
238 1366 493 1474 pyratec'bnica
516 1375 793 1469 (canatsches)
809 1374 860 1448 est
885 1398 948 1449 co·
985 1458 988 1467 ,

87 1496 159 1548 nus
183 1476 327 1574 integer
355 1474 417 1574 vel
435 1494 651 1562 truncatus,
673 1499 694 1549 e
716 1474 855 1574 papyro
881 1493 948 1549 aut

87 1572 202 1648 linteo
226 1567 411 1659 crastinae,
440 1572 500 1649 vel
526 1572 662 1648 lamina
683 1572 799 1649 ferrea
823 1571 949 1649 confe-

69 1668 191 1760 stus,
225 1671 264 1746 ἃ
287 1671 441 1773 pulvere
465 1673 602 1747 nittato
634 1693 748 1772 atque
782 1674 950 1762 catenis,

87 1768 279 1871 glandibus
312 1769 492 1870 plumbeis
527 1792 592 1846 aut
621 1772 737 1849 clavis
771 1770 923 1846 onustus
935 1821 953 1860 ‚.

87 1872 166 1944 dira
191 1867 320 1970 pestis,
354 1872 572 1963 &omnem
613 1873 651 1945 in
677 1891 818 1970 partem
860 1896 950 1971 qua·

87 1992 234 2068 cunque
270 1965 387 2044 fertur
404 1992 424 2059 ‚·
449 1973 585 2046 damno
612 1970 752 2142 ἰηῇεηῑὶ
788 1967 857 2045 seie
879 1967 949 2045 dif-

88 2067 279 2144 fundent:¹
328 2066 411 2144 Pila
437 2085 599 2172 granata
631 2094 652 2143 e
711 2067 839 2163 globus
878 2068 953 2142 ἵετε

87 2190 204 2257 reus,
237 2190 395 2268 cupreus
426 2189 491 2241 aut
513 2172 675 2254 vitreus,
709 2166 862 2267 pulvere
885 2190 949 2268 py-

87 2268 144 2343 rio
170 2265 358 2365 repletus,
394 2267 546 2340 &tubo
571 2265 713 2366 ligneo,
744 2268 807 2364 qui
833 2288 949 2342 mate·

89 2367 182 2440 riem
206 2365 384 2439 incendiis
408 2385 532 2464 aptam
558 2364 631 2437 finu
658 2365 720 2438 suo
748 2367 949 2454 concludit,

18 2536 22 2545 .
88 2458 310 2540 instruiiust
349 2462 506 2565 pilarum
539 2461 750 2562 implicium
781 2466 858 2540 alia
882 2489 950 2540 cae·

89 2564 178 2639 tetis
201 2558 410 2651 neiiuntur,
436 2562 513 2638 aliae
536 2561 652 2638 fenea
678 2561 842 2664 figuntur
867 2589 949 2665 per·

87 2664 187 2751 tica,
220 2682 265 2739 ut
295 2664 488 2740 tormentis
512 2661 701 2760 ejaculatae
731 2666 842 2738 iatius
879 2688 949 2740 no·

40 2782 44 2789 ·
89 2782 207 2840 ceant.
241 2808 244 2813 -
272 2762 447 2839 Secundae
473 2764 583 2859 hujus
607 2759 721 2838 ciaffis
744 2765 921 2840 machina
933 2810 948 2852 ,

77 2872 179 2962 'quas
211 2863 325 2936 modo
360 2861 523 2937 recensui
541 2912 553 2950 ,
571 2926 575 2935 f
590 2864 774 2937 Veterum
805 2863 926 2937 fundis
935 2870 955 2951 5

90 2958 309 3062 catapultis,
349 2958 480 3035 balistis
501 2961 550 3036 -ἂ
583 2962 781 3047 arietibus,
817 2963 950 3061 quibua

47 3083 50 3089 ’
89 3081 217 3135 muros
243 3056 477 3157 quassabant,
511 3062 646 3161 oppido
680 3056 806 3135 affines
848 3059 949 3147 sunt,

89 3157 164 3234 hoc
189 3178 314 3237 tamen
337 3157 552 3249 discrimine,
578 3152 678 3261 qunti
702 3156 862 3260 pulveris
883 3184 949 3274 py3

907 3280 950 3332 tu
