2086 3682
230 240 233 251 .
345 156 662 278 Astronomin
833 173 943 287 465

150 326 241 429 Jam'
263 350 353 404 vero
390 349 435 402 ut
463 329 510 404 de
544 327 712 430 prognofi
743 330 919 409 Cometa·

65 443 168 516 rum,
201 429 261 502 cui
285 427 483 528 plurimum
516 432 645 503 tribuit
670 428 920 529 vulgassem-

65 546 132 627 per
159 529 197 602 in
221 529 283 601 sua
310 527 444 604 damur
466 525 764 631 superstitiosum,
788 531 914 606 credit·

63 646 139 727 que
160 646 247 701 cum
270 646 408 726 poetas

10 924 12 937 Ι
160 823 352 929 Nunquam
367 827 479 904 terris
492 824 688 945 spesiosam
709 827 849 931 impune
864 841 921 907 (b-

77 962 83 971 '
396 962 536 1029 metum,

10 1092 15 1119 i

10 1122 12 1199 i
64 1126 292 1227 utinquam
316 1128 473 1203 certiora
493 1129 531 1202 in
553 1128 717 1203 medium
742 1126 917 1220 adseram,

65 1245 220 1303 cometae
236 1226 299 1326 qui
317 1226 476 1302 uniloco
494 1228 732 1315 incumbunt,
759 1231 824 1302 uni
837 1233 920 1306 urbi

63 1346 132 1403 aut
155 1325 295 1441 regioni
334 1326 552 1413 imminent,
583 1328 639 1401 uti
665 1328 823 1428 contigit
854 1355 918 1405 an·

63 1446 105 1500 te
128 1426 311 1499 exodium
342 1420 713 1526 Hierosolymitauum
747 1426 919 1515 &Con-

62 1520 450 1623 stantinopolitanum,
481 1527 703 1623 modiceque
733 1550 755 1600 a
786 1525 925 1603 tellure-

63 1622 228 1711 distant,
259 1641 340 1694 tum
373 1620 565 1723 spectando
590 1644 727 1697 naturae
750 1625 917 1701 ordinem

63 1722 275 1839 pecuarios
299 1717 456 1797 influxus
483 1722 564 1799 sunt
586 1719 715 1811 infesti,
732 1742 813 1797 tum
840 1726 918 1801 vim

62 1819 163 1897 ruam
195 1818 298 1921 supra
331 1844 467 1897 naturae
509 1824 704 1910 ordinem,
743 1842 916 1921 tanquam

61 1916 211 1995 feciales
234 1924 335 1993 iratur
360 1917 523 1993 Nemesis
547 1920 676 1994 divinae
700 1918 829 1995 funesti
855 1926 918 1996 aii·

62 2018 153 2121 quid
176 2015 395 2135 plerumque
421 2019 680 2114 portendunt:
718 2010 919 2117 superiores

60 2130 154 2194 ve'ro
179 2108 343 2191 iudicant
370 2117 518 2216 quidem
556 2111 756 2189 coelestium
790 2138 920 2215 corpo·
989 2203 993 2211 Ι

60 2238 147 2293 rum
169 2217 444 2319 corruptionem
468 2238 509 2288 ac
533 2214 786 2313 intemperiem
804 2238 918 2313 quan-

61 2316 148 2391 dam
174 2316 338 2402 etheris,
374 2313 433 2390 sed
458 2313 560 2388 simul
585 2316 696 2389 eriam
721 2336 917 2392 venturam

61 2412 167 2489 brevi
192 2415 406 2510 temperiem
432 2413 528 2499 illius
563 2414 735 2488 nunciare
759 2412 917 2514 possunt.
996 2503 999 2509 ,

60 2514 161 2589 Nam
185 2533 232 2587 ut
255 2512 459 2614 Keppierus
483 2514 545 2599 ait,
573 2514 733 2588 Cometa
757 2517 795 2589 in
820 2518 919 2591 huuc
936 2560 948 2569 „

63 2610 295 2689 finern‘nasci
319 2613 477 2697 videtur,
495 2631 539 2684 ut
563 2610 672 2685 crassa
697 2613 919 2712 pinguedine

46 2732 50 2737 ·
87 2708 169 2803 nau,
189 2711 348 2810 quodam
373 2730 608 2787 excremento
633 2713 669 2783 iu
692 2734 808 2784 unum
831 2734 918 2811 apo·

114 2834 178 2887 ma
211 2807 338 2884 coauo
373 2831 549 2910 purgetur
581 2832 642 2885 aer
674 2810 710 2881 su
738 2811 832 2883 erior
858 2812 921 2883 scu
981 2840 984 2853 ·

66 2912 179 2987 oe'ther
205 2908 410 2983 coeiessibus
434 2910 550 3008 globis
567 2911 703 2983 circum
750 2904 827 2983 susc
843 2930 918 2983 nou

67 3009 171 3085 aliter
197 3031 240 3083 uc
262 3014 475 3107 incorpore
497 3010 658 3083 humano
686 3003 918 3105 apostematis,

68 3124 146 3207 quae
185 3104 315 3211 subito
333 3128 600 3211 prorumpunt,
640 3125 779 3206 magnae
811 3107 849 3185 in
873 3129 918 3183 eo

10 3264 19 3350 Ι
260 3228 265 3245 ·
379 3204 516 3306 .ng
805 3201 927 3282 isten-
