2086 3682
106 138 108 148 ’
138 169 198 260 94
441 121 443 125 η
489 141 726 258 CaputIV

17 322 19 327 '
134 310 247 381 nitur.
298 301 466 411 Phyfica‚
492 330 602 404 quam
629 306 835 407 suppeditat
858 307 994 406 partim

118 426 267 481 ‘natura
287 404 388 506 ipsa,
422 405 510 477 dum
539 406 665 480 orbem
688 411 788 479 hunc
814 405 932 481 divifit
953 408 994 483 in

52 576 60 584 ..
135 507 388 581 continentem
422 504 460 578 &
485 527 655 602 aquam,
688 507 820 604 partim
866 506 994 581 huma·

135 605 225 706 uum
253 604 468 701 arbitrium,
504 607 592 675 dum
626 604 692 677 has
716 622 889 703 tanquam
913 623 992 704 par·

134 723 192 779 tes
229 703 407 779 maximas
451 698 594 776 illarum
624 701 752 776 incolae
776 704 823 791 ,δι
859 702 993 791 accola

132 802 229 878 inter
254 801 288 876 se
314 800 571 875 distribuerunt
593 801 630 874 in
656 799 743 876 alias
769 800 926 896 majores
952 802 996 887 &¹

98 944 99 955 κ
131 904 293 976 minores
320 901 532 1003 partionem
561 901 617 973 uti
643 918 776 975 terram
803 925 911 1000 quam
925 924 992 976 vo·

132 1022 220 1076 cant
245 999 414 1089 firmam,
440 1001 477 1072 in
503 1001 704 1099 Europam,
733 999 871 1088 Afiam,
897 998 991 1074 Afri·

72 1186 75 1193 ι
132 1125 241 1188 cam,
274 1101 312 1174 ὅ(
342 1101 577 1184 Americam,
610 1099 749 1198 hasque
782 1098 922 1173 rursum
952 1102 991 1173 in

132 1203 302 1298 regiones
329 1199 437 1273 certis
466 1197 642 1272 limitibus
674 1199 989 1297 circumscriptasa

64 1386 67 1397 Ι
132 1303 280 1395 Aquam
306 1320 397 1373 vero
423 1297 460 1369 in
484 1296 679 1384 Oceanus,
707 1299 840 1382 Maria,
864 1299 989 1386 Facta,

131 1397 167 1471 u
182 1399 299 1471 Sinus.
353 1393 504 1470 Politica
528 1396 691 1485 demum,
710 1420 788 1495 quae
813 1397 892 1490 jure
907 1396 996 1485 ,belz
1031 1424 1034 1431 ’

130 1494 157 1569 li
184 1516 250 1571 aut
273 1516 339 1594 per
364 1496 462 1593 pacis
485 1492 626 1570 foedera
652 1491 819 1578 estfasta
839 1519 859 1566 a
879 1496 989 1569 Mun·

129 1595 167 1667 di
192 1595 302 1688 hujus
328 1594 538 1668 Monarchis
571 1596 608 1669 in
633 1593 809 1691 Impetum
837 1594 987 1691 Regna,

101 1748 102 1753 ,
129 1693 362 1781 Provincias,
381 1692 632 1794 Episcopatus,x
654 1692 987 1788 Principatuaalia-

155 1795 203 1866 ue
228 1792 429 1879 Dominia‚
463 1814 544 1891 quae
578 1819 599 1866 a
631 1791 863 1890 Geographis
894 1815 984 1891 pun·

165 1914 271 1967 orum
312 1913 382 1990 ope
420 1911 485 1965 aut
529 1890 694 1965 colorum
739 1892 916 1964 varietate
948 1892 986 1966 in

128 1991 273 2091 mappis
298 1988 576 2088 distinguuntur.
638 1990 778 2065 Ultima
803 1991 880 2062 haec
905 2014 1008 2088 pau·¹

127 2089 212 2162 titio
237 2087 299 2163 seu'
320 2088 474 2163 Politica
506 2090 661 2188 (quum
688 2090 747 2165 vel
775 2109 984 2187 temporum

36 2230 53 2275 ,-
125 2183 371 2274 succeffione,
404 2187 465 2262 vel
496 2188 674 2264 bellorum
706 2189 878 2278 injuriis,
920 2207 1014 2263 aut·

125 2285 206 2362 aliis
231 2289 445 2388 urgentibus
474 2284 559 2362 fatis
590 2289 710 2386 varias
743 2285 897 2367 ‚subierit
930 2288 984 2361 vi·

126 2410 212 2474 ces,
249 2389 301 2464 ita
333 2408 378 2462 ut
412 2385 610 2461 Provincia
637 2384 818 2481 urbesque
856 2384 984 2461 multae

124 2509 187 2561 ma
215 2487 252 2560 ni
276 2489 374 2586 apud
384 2487 554 2567 .1Veteres
579 2482 736 2554 nominis
760 2482 891 2556 everlae
921 2483 999 2560 vel·

128 2511 316 2686 colfapsae,
342 2584 411 2657 suis
436 2580 550 2653 ruinis
573 2577 719 2753 suffultae
740 2579 889 2680 fuerint,
917 2607 983 2683 po·

122 2683 200 2785 puli
220 2707 294 2759 non
319 2679 433 2779 pauci¹
448 2679 574 2776 patriis
624 2681 729 2754 nibus
756 2678 883 2779 egreffi
898 2685 982 2759 alie·

18 2804 24 2811 ’
75 2814 81 2821 ’
122 2806 191 2859 nas
216 2802 329 2857 terras
353 2780 598 2878 occuparint,
623 2803 820 2880 regnorum
846 2779 981 2856 limites
1007 2784 1010 2789 ’

122 2870 185 2967 fas.
202 2876 264 2954 vel
289 2875 391 2965 nefas
426 2879 595 2953 humana
629 2880 803 2977 potentia
836 2901 980 2956 contra·

121 2977 218 3057 xerit
253 2997 319 3052 aut
364 2975 448 3079 plus
477 2977 711 3066 extenderit,
746 2979 980 3057 Monarchias

119 3100 271 3177 quoque
304 3078 349 3152 ab
372 3102 449 3151 una
485 3078 521 3151 in
558 3075 666 3152 aliam
697 3097 844 3178 gentem
881 3079 977 3165 Dei,

119 3199 329 3282 perquem
363 3180 485 3279 Reges
519 3197 705 3279 regnant,
747 3177 979 3279 providentia

613 3305 617 3313 ·
863 3295 977 3352 trans·
