2086 3682
120 98 223 237 ort
339 108 342 113 ⁴
447 113 576 235 Caput
603 102 707 210 VII.

139 282 307 361 locorum
332 278 565 355 intervalium
593 280 698 355 nobis
711 279 921 371 interdixit,
938 296 994 357 rer

80 412 83 419 ·
139 382 248 484 plena
277 373 503 454 difficultatis
533 378 595 454 est.
664 381 811 480 igneam
836 379 907 455 esse
932 404 994 467 en,

140 502 254 579 quam
280 502 366 553 cum
389 477 460 553 sole
486 479 642 565 habent,
668 478 836 579 analogia
860 478 995 554 suadet.

141 583 241 656 Nam
266 572 373 652 stellae
400 576 478 652 fixae
502 576 583 650 sunt
607 577 705 674 quasi
730 578 889 652 totidem
909 578 997 655 seles

142 676 208 755 stro
242 677 281 750 in
304 674 401 751 coelo
434 675 689 777 splendentes,
730 702 752 750 a
788 678 922 776 quibus
952 699 997 752 ne

12 820 16 829 ,
143 795 242 853 terra
274 773 404 875 aequali
436 798 522 850 cum
562 772 651 863 illa,
690 798 799 873 quam
838 776 998 875 phoebus

143 875 297 977 spargit,
323 873 408 949 luce
432 871 649 963 iliustretur,
674 874 721 948 de
744 875 804 950 die
829 875 1013 973 prohibet·

143 975 308 1051 vicinum
340 970 422 1049 solis
445 972 569 1069 jubar,
595 974 642 1046 de
667 968 774 1047 nodie
797 976 928 1074 ingens
946 994 999 1050 at·

144 1071 352 1173 mosphaerae
390 1070 550 1171 coeiique
582 1096 606 1147 a
633 1069 789 1170 planetis
827 1073 999 1174 occupati

143 1173 297 1274 spatium
321 1167 563 1267 interjedtum.
613 1170 663 1243 Hi
683 1168 772 1246 soles
788 1172 944 1272 pigmaei,
958 1192 1000 1247 ut

144 1271 250 1348 nobis
277 1267 299 1343 s
315 1266 487 1346 etiandos
512 1267 546 1357 se
572 1271 753 1367 prebent,
780 1293 854 1345 non
878 1273 999 1347 minus

144 1371 273 1445 nativo
290 1295 435 1444 iumine
460 1367 699 1470 superbiunt,
737 1369 776 1445 dr
800 1367 1000 1447 focusillis

144 1470 246 1546 domi
273 1470 441 1569 proprius
468 1468 594 1553 ardet,
621 1491 732 1567 quarn
759 1467 822 1544 soii
846 1470 1022 1570 giganti,-

145 1572 236 1645 dum
261 1570 402 1643 interea
423 1563 555 1664 reliqui
581 1564 735 1663 planete
761 1568 1001 1667 precaria'lu.

63 1721 66 1727 -
146 1692 190 1745 ce
216 1666 382 1742 contenti
405 1666 534 1740 vivere
560 1665 730 1753 debeant,
755 1690 911 1766 eamque
926 1691 1001 1744 non

146 1766 269 1852 aliam,
281 1763 343 1839 nifi
364 1787 462 1859 eam,
474 1787 586 1865 fluam
614 1789 636 1839 a
663 1764 735 1841 sole
763 1767 950 1854 hauriunt,
963 1768 1001 1843 in

145 1884 262 1941 terras
329 1860 508 1939 ffundant.
590 1864 676 1947 Hoc
721 1864 804 1941 satis
840 1869 1002 1965 produnt

144 1963 273 2066 phasee
306 1886 367 2038 seu
392 1960 489 2037 state
523 1960 670 2038 luminis
710 1960 1001 2056 vicissitudines,

144 2059 770 2261 erecestrestreet
783 2065 1002 2241 ,erre

116 2265 119 2269 ’
144 2259 334 2337 manifesta
356 2261 451 2336 ratio
477 2261 623 2337 evincit
677 2262 713 2336 si
737 2261 909 2338 enimsol
925 2262 1017 2355 orni

143 2363 182 2435 ni
203 2359 304 2434 ‘mole
331 2357 392 2432 sua
418 2361 594 2448 obeam,
622 2382 697 2457 qua
721 2362 862 2437 recedit
887 2382 1002 2439 ater·

143 2482 206 2546 ra,
241 2455 444 2543 distantiam
471 2457 802 2559 nonnisr'palmaris
828 2462 999 2562 adparet,

115 2560 119 2572 '
144 2580 259 2730 guam
286 2560 406 2633 minor·
427 2579 600 2656 apparere
625 2558 825 2647 debebit,fi
849 2584 872 2635 e
895 2559 1000 2637 stellis

171 2658 228 2731 xis
252 2656 537 2756 conspiceretur,
569 2682 591 2731 a
629 2659 762 2756 quibus
801 2658 1000 2736 secundun

25 2842 28 2846 Δ
145 2756 298 2830 Riccioli
323 2753 504 2829 calculum
535 2754 618 2855 plus
649 2756 800 2856 vigesies
824 2761 1004 2841 remotior¹

145 2852 217 2941 cst,
250 2878 360 2955 quam
388 2879 408 2928 a
434 2860 565 2929 terra?
625 2856 712 2950 Qua
736 2880 834 2931 nunc
858 2861 996 2935 ratione

145 2950 223 3025 fieri
246 2952 402 3122 poterit,
428 2973 472 3026 ut
497 2980 518 3028 a
541 2955 687 3029 tantulo
714 2954 800 3044 soie,
828 2958 995 3034 etinmio
1028 3040 1031 3047 ,

108 3114 115 3133 ,
144 3056 310 3152 oppo'rto
331 3049 581 3153 hemispherio
615 3074 894 3143 commorante,
924 3054 1029 3131 'sor-J

140 3168 222 3229 tern
248 3148 341 3257 adeo
367 3149 487 3229 lucem
512 3171 638 3229 tantus
663 3150 846 3232 stellarum
867 3153 990 3234 exerci-
1020 3164 1024 3177 ²
