<?xml version="1.0" encoding="UTF-8"?>
<!DOCTYPE html PUBLIC "-//W3C//DTD XHTML 1.0 Transitional//EN"
    "http://www.w3.org/TR/xhtml1/DTD/xhtml1-transitional.dtd">
<html xmlns="http://www.w3.org/1999/xhtml" xml:lang="en" lang="en">
 <head>
  <title>
</title>
<meta http-equiv="Content-Type" content="text/html;charset=utf-8" />
  <meta name='ocr-system' content='tesseract 3.04.00' />
  <meta name='ocr-capabilities' content='ocr_page ocr_carea ocr_par ocr_line ocrx_word'/>
</head>
<body>
  <div class='ocr_page' id='page_1' title='image "./bibliothecadome02manngoog_0372.png"; bbox 0 0 2086 3682; ppageno 0'>
   <div class='ocr_carea' id='block_1_1' title="bbox 194 148 927 275">
    <p class='ocr_par' dir='ltr' id='par_1_1' title="bbox 194 148 927 275">
     <span class='ocr_line' id='line_1_1' title="bbox 194 148 927 275; baseline 0.008 -31"><span class='ocrx_word' id='word_1_1' title='bbox 194 148 501 245; x_wconf 73' lang='lat' dir='ltr'>Architeiiunita</span> <span class='ocrx_word' id='word_1_2' title='bbox 528 155 740 253; x_wconf 60' lang='lat' dir='ltr'>Militantis</span> <span class='ocrx_word' id='word_1_3' title='bbox 840 151 927 275; x_wconf 63' lang='lat'>331&#39;</span> 
     </span>
    </p>
   </div>
   <div class='ocr_carea' id='block_1_2' title="bbox 10 317 1037 3195">
    <p class='ocr_par' dir='ltr' id='par_1_2' title="bbox 64 317 925 916">
     <span class='ocr_line' id='line_1_2' title="bbox 64 317 925 420; baseline 0.001 -24"><span class='ocrx_word' id='word_1_4' title='bbox 64 318 253 396; x_wconf 80' lang='lat' dir='ltr'>reddunt:</span> <span class='ocrx_word' id='word_1_5' title='bbox 278 317 338 419; x_wconf 86' lang='lat' dir='ltr'>ipfi</span> <span class='ocrx_word' id='word_1_6' title='bbox 354 343 444 397; x_wconf 83' lang='lat' dir='ltr'>vero</span> <span class='ocrx_word' id='word_1_7' title='bbox 463 341 507 394; x_wconf 94' lang='lat' dir='ltr'>ut</span> <span class='ocrx_word' id='word_1_8' title='bbox 528 347 549 395; x_wconf 86' lang='lat' dir='ltr'>a</span> <span class='ocrx_word' id='word_1_9' title='bbox 567 320 648 418; x_wconf 89' lang='lat' dir='ltr'>pilis</span> <span class='ocrx_word' id='word_1_10' title='bbox 669 322 866 420; x_wconf 80' lang='lat' dir='ltr'>ignivomis</span> <span class='ocrx_word' id='word_1_11' title='bbox 882 324 925 398; x_wconf 75' lang='lat' dir='ltr'>&#39;in</span> 
     </span>
     <span class='ocr_line' id='line_1_3' title="bbox 65 417 922 592; baseline 0.005 -99"><span class='ocrx_word' id='word_1_12' title='bbox 65 417 318 505; x_wconf 80' lang='lat' dir='ltr'>ambulacrum</span> <span class='ocrx_word' id='word_1_13' title='bbox 336 417 486 592; x_wconf 46' lang='lat' dir='ltr'>dehis?</span> <span class='ocrx_word' id='word_1_14' title='bbox 516 418 658 495; x_wconf 86' lang='lat' dir='ltr'>securos</span> <span class='ocrx_word' id='word_1_15' title='bbox 687 419 922 520; x_wconf 83' lang='lat' dir='ltr'>sepraestent,</span> 
     </span>
     <span class='ocr_line' id='line_1_4' title="bbox 64 516 923 616; baseline 0.007 -25"><span class='ocrx_word' id='word_1_16' title='bbox 64 517 128 594; x_wconf 82' lang='lat' dir='ltr'>vei</span> <span class='ocrx_word' id='word_1_17' title='bbox 150 520 230 591; x_wconf 90' lang='lat' dir='ltr'>inc</span> <span class='ocrx_word' id='word_1_18' title='bbox 274 537 355 616; x_wconf 83' lang='lat' dir='ltr'>ptas</span> <span class='ocrx_word' id='word_1_19' title='bbox 382 520 417 592; x_wconf 89' lang='lat' dir='ltr'>io</span> <span class='ocrx_word' id='word_1_20' title='bbox 489 539 623 593; x_wconf 86' lang='lat' dir='ltr'>terram</span> <span class='ocrx_word' id='word_1_21' title='bbox 645 517 842 597; x_wconf 86' lang='lat' dir='ltr'>fornicibus</span> <span class='ocrx_word' id='word_1_22' title='bbox 862 516 923 603; x_wconf 76' lang='lat' dir='ltr'>dit·</span> 
     </span>
     <span class='ocr_line' id='line_1_5' title="bbox 66 615 925 719; baseline 0.002 -28"><span class='ocrx_word' id='word_1_23' title='bbox 66 617 231 718; x_wconf 81' lang='lat' dir='ltr'>superte</span> <span class='ocrx_word' id='word_1_24' title='bbox 268 640 307 691; x_wconf 87' lang='lat' dir='ltr'>as</span> <span class='ocrx_word' id='word_1_25' title='bbox 333 615 401 693; x_wconf 86' lang='lat' dir='ltr'>sese</span> <span class='ocrx_word' id='word_1_26' title='bbox 416 621 612 718; x_wconf 81' lang='lat' dir='ltr'>recipiunt,</span> <span class='ocrx_word' id='word_1_27' title='bbox 634 618 693 693; x_wconf 82' lang='lat' dir='ltr'>vei</span> <span class='ocrx_word' id='word_1_28' title='bbox 715 644 813 719; x_wconf 84' lang='lat' dir='ltr'>pone</span> <span class='ocrx_word' id='word_1_29' title='bbox 840 618 925 717; x_wconf 64' lang='grc' dir='ltr'>ἰός]-Ι</span> 
     </span>
     <span class='ocr_line' id='line_1_6' title="bbox 67 714 925 816; baseline 0.005 -25"><span class='ocrx_word' id='word_1_30' title='bbox 67 740 129 791; x_wconf 85' lang='lat' dir='ltr'>cas</span> <span class='ocrx_word' id='word_1_31' title='bbox 145 714 365 792; x_wconf 83' lang='lat' dir='ltr'>transversas</span> <span class='ocrx_word' id='word_1_32' title='bbox 378 718 483 791; x_wconf 90' lang='lat' dir='ltr'>humi</span> <span class='ocrx_word' id='word_1_33' title='bbox 500 718 532 792; x_wconf 83' lang='lat' dir='ltr'>se</span> <span class='ocrx_word' id='word_1_34' title='bbox 550 716 792 816; x_wconf 87' lang='lat' dir='ltr'>prosternunt,</span> <span class='ocrx_word' id='word_1_35' title='bbox 804 718 925 816; x_wconf 74' lang='lat' dir='ltr'>stoque</span> 
     </span>
     <span class='ocr_line' id='line_1_7' title="bbox 67 810 922 916; baseline -0.004 -27"><span class='ocrx_word' id='word_1_36' title='bbox 67 810 312 895; x_wconf 72' lang='lat' dir='ltr'>diffidentium</span> <span class='ocrx_word' id='word_1_37' title='bbox 355 815 510 916; x_wconf 82' lang='lat' dir='ltr'>pilarum</span> <span class='ocrx_word' id='word_1_38' title='bbox 552 816 714 892; x_wconf 83' lang='lat' dir='ltr'>furorem</span> <span class='ocrx_word' id='word_1_39' title='bbox 755 818 922 892; x_wconf 80' lang='lat' dir='ltr'>eludunt.</span> 
     </span>
    </p>

    <p class='ocr_par' dir='ltr' id='par_1_3' title="bbox 27 912 1037 1512">
     <span class='ocr_line' id='line_1_8' title="bbox 27 912 926 1013; baseline 0.001 -23"><span class='ocrx_word' id='word_1_40' title='bbox 27 994 30 999; x_wconf 74' lang='grc'>,</span> <span class='ocrx_word' id='word_1_41' title='bbox 68 912 208 1012; x_wconf 76' lang='lat' dir='ltr'>Quodst</span> <span class='ocrx_word' id='word_1_42' title='bbox 233 912 343 993; x_wconf 82' lang='lat' dir='ltr'>hostis</span> <span class='ocrx_word' id='word_1_43' title='bbox 363 917 508 990; x_wconf 83' lang='lat' dir='ltr'>vineam</span> <span class='ocrx_word' id='word_1_44' title='bbox 531 916 692 1005; x_wconf 85' lang='lat' dir='ltr'>struere,</span> <span class='ocrx_word' id='word_1_45' title='bbox 722 926 768 990; x_wconf 81' lang='lat' dir='ltr'>ac‘</span> <span class='ocrx_word' id='word_1_46' title='bbox 794 919 831 991; x_wconf 89' lang='lat' dir='ltr'>in</span> <span class='ocrx_word' id='word_1_47' title='bbox 851 913 926 1013; x_wconf 66' lang='lat' dir='ltr'>ipsu</span> 
     </span>
     <span class='ocr_line' id='line_1_9' title="bbox 67 1012 1037 1114; baseline 0.001 -26"><span class='ocrx_word' id='word_1_48' title='bbox 67 1015 289 1088; x_wconf 85' lang='lat' dir='ltr'>munimenti</span> <span class='ocrx_word' id='word_1_49' title='bbox 308 1012 450 1088; x_wconf 79' lang='lat' dir='ltr'>¹uiscera</span> <span class='ocrx_word' id='word_1_50' title='bbox 479 1013 623 1114; x_wconf 69' lang='lat' dir='ltr'>grassari</span> <span class='ocrx_word' id='word_1_51' title='bbox 652 1015 819 1114; x_wconf 85' lang='lat' dir='ltr'>incipiat,</span> <span class='ocrx_word' id='word_1_52' title='bbox 844 1016 925 1109; x_wconf 85' lang='lat' dir='ltr'>ejus</span> <span class='ocrx_word' id='word_1_53' title='bbox 1034 1042 1037 1049; x_wconf 80' lang='grc'>’</span> 
     </span>
     <span class='ocr_line' id='line_1_10' title="bbox 67 1106 926 1189; baseline 0.001 -3"><span class='ocrx_word' id='word_1_54' title='bbox 67 1111 273 1188; x_wconf 85' lang='lat' dir='ltr'>molimina·</span> <span class='ocrx_word' id='word_1_55' title='bbox 293 1132 563 1188; x_wconf 88' lang='lat' dir='ltr'>tormentorum</span> <span class='ocrx_word' id='word_1_56' title='bbox 594 1106 723 1189; x_wconf 62' lang='lat' dir='ltr'>idibus</span> <span class='ocrx_word' id='word_1_57' title='bbox 751 1115 789 1188; x_wconf 87' lang='lat'>&amp;</span> <span class='ocrx_word' id='word_1_58' title='bbox 814 1115 926 1187; x_wconf 86' lang='lat' dir='ltr'>variis</span> 
     </span>
     <span class='ocr_line' id='line_1_11' title="bbox 68 1208 925 1312; baseline 0.002 -27"><span class='ocrx_word' id='word_1_59' title='bbox 68 1211 212 1287; x_wconf 82' lang='lat' dir='ltr'>nocivis</span> <span class='ocrx_word' id='word_1_60' title='bbox 238 1212 382 1312; x_wconf 85' lang='lat' dir='ltr'>ignibus</span> <span class='ocrx_word' id='word_1_61' title='bbox 412 1235 458 1289; x_wconf 83' lang='lat' dir='ltr'>ex</span> <span class='ocrx_word' id='word_1_62' title='bbox 486 1213 561 1288; x_wconf 89' lang='lat' dir='ltr'>alto</span> <span class='ocrx_word' id='word_1_63' title='bbox 586 1208 742 1287; x_wconf 82' lang='lat' dir='ltr'>demiffis</span> <span class='ocrx_word' id='word_1_64' title='bbox 764 1211 925 1288; x_wconf 82' lang='lat' dir='ltr'>frustrati</span> 
     </span>
     <span class='ocr_line' id='line_1_12' title="bbox 69 1310 995 1401; baseline -0.001 -17"><span class='ocrx_word' id='word_1_65' title='bbox 69 1331 270 1385; x_wconf 80' lang='lat' dir='ltr'>conantur:</span> <span class='ocrx_word' id='word_1_66' title='bbox 291 1336 365 1385; x_wconf 89' lang='lat' dir='ltr'>non</span> <span class='ocrx_word' id='word_1_67' title='bbox 386 1336 468 1388; x_wconf 83' lang='lat' dir='ltr'>raro</span> <span class='ocrx_word' id='word_1_68' title='bbox 488 1311 607 1401; x_wconf 81' lang='lat' dir='ltr'>hostes</span> <span class='ocrx_word' id='word_1_69' title='bbox 623 1313 662 1386; x_wconf 91' lang='lat' dir='ltr'>in</span> <span class='ocrx_word' id='word_1_70' title='bbox 682 1311 794 1387; x_wconf 82' lang='lat' dir='ltr'>lorica</span> <span class='ocrx_word' id='word_1_71' title='bbox 814 1310 924 1386; x_wconf 85' lang='lat' dir='ltr'>decii·</span> <span class='ocrx_word' id='word_1_72' title='bbox 992 1322 995 1329; x_wconf 87' lang='lat'>&#39;</span> 
     </span>
     <span class='ocr_line' id='line_1_13' title="bbox 69 1409 924 1512; baseline -0.001 -29"><span class='ocrx_word' id='word_1_73' title='bbox 69 1409 123 1495; x_wconf 87' lang='lat' dir='ltr'>vi,</span> <span class='ocrx_word' id='word_1_74' title='bbox 138 1431 204 1483; x_wconf 82' lang='lat' dir='ltr'>aut</span> <span class='ocrx_word' id='word_1_75' title='bbox 216 1411 277 1483; x_wconf 87' lang='lat' dir='ltr'>via</span> <span class='ocrx_word' id='word_1_76' title='bbox 296 1432 483 1512; x_wconf 83' lang='lat' dir='ltr'>cooperta,</span> <span class='ocrx_word' id='word_1_77' title='bbox 501 1411 560 1488; x_wconf 87' lang='lat' dir='ltr'>vel</span> <span class='ocrx_word' id='word_1_78' title='bbox 580 1412 750 1511; x_wconf 80' lang='lat' dir='ltr'>operibus</span> <span class='ocrx_word' id='word_1_79' title='bbox 764 1411 924 1485; x_wconf 86' lang='lat' dir='ltr'>externis</span> 
     </span>
    </p>

    <p class='ocr_par' dir='ltr' id='par_1_4' title="bbox 13 1505 926 1611">
     <span class='ocr_line' id='line_1_14' title="bbox 13 1505 926 1611; baseline -0.001 -28"><span class='ocrx_word' id='word_1_80' title='bbox 13 1564 17 1571; x_wconf 71' lang='lat'><strong>·</strong></span> <span class='ocrx_word' id='word_1_81' title='bbox 68 1507 142 1604; x_wconf 81' lang='lat' dir='ltr'>jam</span> <span class='ocrx_word' id='word_1_82' title='bbox 165 1505 400 1597; x_wconf 83' lang='lat' dir='ltr'>constitutos,</span> <span class='ocrx_word' id='word_1_83' title='bbox 419 1512 567 1609; x_wconf 86' lang='lat' dir='ltr'>jamque</span> <span class='ocrx_word' id='word_1_84' title='bbox 587 1510 854 1611; x_wconf 83' lang='lat' dir='ltr'>propemodum</span> <span class='ocrx_word' id='word_1_85' title='bbox 870 1510 926 1582; x_wconf 89' lang='lat' dir='ltr'>vi·</span> 
     </span>
    </p>

    <p class='ocr_par' dir='ltr' id='par_1_5' title="bbox 33 1602 924 1711">
     <span class='ocr_line' id='line_1_15' title="bbox 33 1602 924 1711; baseline -0.002 -30"><span class='ocrx_word' id='word_1_86' title='bbox 33 1640 37 1645; x_wconf 49' lang='lat'><strong><em>¹</em></strong></span> <span class='ocrx_word' id='word_1_87' title='bbox 70 1602 204 1695; x_wconf 67' lang='lat' dir='ltr'>dores,</span> <span class='ocrx_word' id='word_1_88' title='bbox 233 1607 486 1684; x_wconf 86' lang='lat' dir='ltr'>cuniculorum</span> <span class='ocrx_word' id='word_1_89' title='bbox 511 1633 582 1711; x_wconf 84' lang='lat' dir='ltr'>opo</span> <span class='ocrx_word' id='word_1_90' title='bbox 610 1612 649 1684; x_wconf 92' lang='lat' dir='ltr'>in</span> <span class='ocrx_word' id='word_1_91' title='bbox 676 1631 760 1683; x_wconf 84' lang='lat' dir='ltr'>aera</span> <span class='ocrx_word' id='word_1_92' title='bbox 791 1606 924 1707; x_wconf 82' lang='lat' dir='ltr'>disper·</span> 
     </span>
    </p>

    <p class='ocr_par' dir='ltr' id='par_1_6' title="bbox 39 1707 988 1807">
     <span class='ocr_line' id='line_1_16' title="bbox 39 1707 988 1807; baseline -0.001 -28"><span class='ocrx_word' id='word_1_93' title='bbox 39 1744 43 1749; x_wconf 96' lang='lat'>·</span> <span class='ocrx_word' id='word_1_94' title='bbox 70 1720 184 1807; x_wconf 78' lang='lat' dir='ltr'>gunt:</span> <span class='ocrx_word' id='word_1_95' title='bbox 202 1707 391 1784; x_wconf 80' lang='lat' dir='ltr'>cuniculos</span> <span class='ocrx_word' id='word_1_96' title='bbox 401 1733 475 1807; x_wconf 91' lang='lat' dir='ltr'>quo</span> <span class='ocrx_word' id='word_1_97' title='bbox 502 1733 549 1785; x_wconf 89' lang='lat' dir='ltr'>ue</span> <span class='ocrx_word' id='word_1_98' title='bbox 567 1709 612 1784; x_wconf 86' lang='lat' dir='ltr'>ad</span> <span class='ocrx_word' id='word_1_99' title='bbox 626 1707 826 1782; x_wconf 83' lang='lat' dir='ltr'>subruenda</span> <span class='ocrx_word' id='word_1_100' title='bbox 840 1729 924 1806; x_wconf 87' lang='lat' dir='ltr'>pro·</span> <span class='ocrx_word' id='word_1_101' title='bbox 984 1710 988 1716; x_wconf 87' lang='grc'><strong>’</strong></span> 
     </span>
    </p>

    <p class='ocr_par' dir='ltr' id='par_1_7' title="bbox 71 1735 1016 2173">
     <span class='ocr_line' id='line_1_17' title="bbox 98 1735 1016 1908; baseline 0.002 -32"><span class='ocrx_word' id='word_1_102' title='bbox 98 1803 277 1903; x_wconf 79' lang='lat' dir='ltr'>uguacula</span> <span class='ocrx_word' id='word_1_103' title='bbox 294 1808 462 1904; x_wconf 85' lang='lat' dir='ltr'>conditos</span> <span class='ocrx_word' id='word_1_104' title='bbox 477 1735 649 1908; x_wconf 46' lang='lat' dir='ltr'>detegere</span> <span class='ocrx_word' id='word_1_105' title='bbox 661 1807 839 1893; x_wconf 85' lang='lat' dir='ltr'>laborant,</span> <span class='ocrx_word' id='word_1_106' title='bbox 848 1804 925 1879; x_wconf 85' lang='lat' dir='ltr'>sub-</span> <span class='ocrx_word' id='word_1_107' title='bbox 1012 1854 1016 1862; x_wconf 88' lang='lat'><em>-</em></span> 
     </span>
     <span class='ocr_line' id='line_1_18' title="bbox 72 1828 925 2076; baseline -0.002 -97"><span class='ocrx_word' id='word_1_108' title='bbox 72 1828 221 2002; x_wconf 64' lang='lat' dir='ltr'>iittoque</span> <span class='ocrx_word' id='word_1_109' title='bbox 239 1901 366 2005; x_wconf 86' lang='lat' dir='ltr'>furtim</span> <span class='ocrx_word' id='word_1_110' title='bbox 387 1905 539 2004; x_wconf 84' lang='lat' dir='ltr'>pulvere</span> <span class='ocrx_word' id='word_1_111' title='bbox 556 1907 659 2076; x_wconf 77' lang='lat' dir='ltr'>pyrio</span> <span class='ocrx_word' id='word_1_112' title='bbox 674 1908 799 1979; x_wconf 84' lang='lat' dir='ltr'>inanes</span> <span class='ocrx_word' id='word_1_113' title='bbox 818 1903 925 1977; x_wconf 85' lang='lat' dir='ltr'>telin·</span> 
     </span>
     <span class='ocr_line' id='line_1_19' title="bbox 71 2000 927 2173; baseline -0.001 -97"><span class='ocrx_word' id='word_1_114' title='bbox 71 2023 204 2173; x_wconf 81' lang='lat' dir='ltr'>puunt.</span> <span class='ocrx_word' id='word_1_115' title='bbox 268 2004 436 2077; x_wconf 83' lang='lat' dir='ltr'>Tandem</span> <span class='ocrx_word' id='word_1_116' title='bbox 457 2005 559 2101; x_wconf 83' lang='lat' dir='ltr'>operi</span> <span class='ocrx_word' id='word_1_117' title='bbox 585 2019 628 2075; x_wconf 89' lang='lat' dir='ltr'>us</span> <span class='ocrx_word' id='word_1_118' title='bbox 646 2004 775 2076; x_wconf 79' lang='lat' dir='ltr'>dirutis</span> <span class='ocrx_word' id='word_1_119' title='bbox 795 2000 927 2075; x_wconf 81' lang='lat' dir='ltr'>ultima</span> 
     </span>
    </p>

    <p class='ocr_par' dir='ltr' id='par_1_8' title="bbox 150 2096 927 2202">
     <span class='ocr_line' id='line_1_20' title="bbox 150 2096 927 2202; baseline -0.01 -21"><span class='ocrx_word' id='word_1_120' title='bbox 150 2102 211 2181; x_wconf 87' lang='lat' dir='ltr'>iu</span> <span class='ocrx_word' id='word_1_121' title='bbox 233 2096 427 2178; x_wconf 81' lang='lat' dir='ltr'>recessibus</span> <span class='ocrx_word' id='word_1_122' title='bbox 446 2125 557 2202; x_wconf 85' lang='lat' dir='ltr'>opere</span> <span class='ocrx_word' id='word_1_123' title='bbox 577 2099 818 2174; x_wconf 78' lang='lat' dir='ltr'>tumultuario</span> <span class='ocrx_word' id='word_1_124' title='bbox 839 2120 927 2173; x_wconf 87' lang='lat' dir='ltr'>con·</span> 
     </span>
    </p>

    <p class='ocr_par' dir='ltr' id='par_1_9' title="bbox 28 2124 978 2398">
     <span class='ocr_line' id='line_1_21' title="bbox 28 2124 978 2305; baseline 0 -31"><span class='ocrx_word' id='word_1_125' title='bbox 28 2280 32 2291; x_wconf 66' lang='grc'>,</span> <span class='ocrx_word' id='word_1_126' title='bbox 72 2124 250 2275; x_wconf 56' lang='lat' dir='ltr'>tffiendis</span> <span class='ocrx_word' id='word_1_127' title='bbox 264 2199 430 2305; x_wconf 80' lang='lat' dir='ltr'>superest.</span> <span class='ocrx_word' id='word_1_128' title='bbox 486 2202 523 2276; x_wconf 88' lang='lat' dir='ltr'>Si</span> <span class='ocrx_word' id='word_1_129' title='bbox 541 2222 632 2275; x_wconf 89' lang='lat' dir='ltr'>vero</span> <span class='ocrx_word' id='word_1_130' title='bbox 648 2199 726 2275; x_wconf 83' lang='lat' dir='ltr'>haec</span> <span class='ocrx_word' id='word_1_131' title='bbox 746 2195 870 2274; x_wconf 85' lang='lat' dir='ltr'>omnia</span> <span class='ocrx_word' id='word_1_132' title='bbox 882 2195 930 2275; x_wconf 82' lang='lat' dir='ltr'>ad</span> <span class='ocrx_word' id='word_1_133' title='bbox 962 2236 978 2243; x_wconf 90' lang='lat'><em>-</em></span> 
     </span>
     <span class='ocr_line' id='line_1_22' title="bbox 71 2292 929 2398; baseline -0.005 -23"><span class='ocrx_word' id='word_1_134' title='bbox 71 2298 267 2379; x_wconf 82' lang='lat' dir='ltr'>obiidionis</span> <span class='ocrx_word' id='word_1_135' title='bbox 294 2301 372 2375; x_wconf 89' lang='lat' dir='ltr'>vim</span> <span class='ocrx_word' id='word_1_136' title='bbox 402 2301 642 2377; x_wconf 80' lang='lat' dir='ltr'>avertendam</span> <span class='ocrx_word' id='word_1_137' title='bbox 669 2317 736 2375; x_wconf 80' lang='lat' dir='ltr'>tut</span> <span class='ocrx_word' id='word_1_138' title='bbox 763 2292 929 2398; x_wconf 80' lang='lat' dir='ltr'>frangen-</span> 
     </span>
    </p>

    <p class='ocr_par' dir='ltr' id='par_1_10' title="bbox 10 2395 929 2496">
     <span class='ocr_line' id='line_1_23' title="bbox 10 2395 929 2496; baseline 0.002 -25"><span class='ocrx_word' id='word_1_139' title='bbox 10 2446 22 2495; x_wconf 32' lang='grc' dir='ltr'>ᾗ,</span> <span class='ocrx_word' id='word_1_140' title='bbox 72 2398 160 2473; x_wconf 84' lang='lat' dir='ltr'>dam</span> <span class='ocrx_word' id='word_1_141' title='bbox 182 2420 258 2472; x_wconf 93' lang='lat' dir='ltr'>non</span> <span class='ocrx_word' id='word_1_142' title='bbox 277 2395 472 2487; x_wconf 85' lang='lat' dir='ltr'>sufficiant,</span> <span class='ocrx_word' id='word_1_143' title='bbox 511 2398 561 2475; x_wconf 89' lang='lat' dir='ltr'>nil</span> <span class='ocrx_word' id='word_1_144' title='bbox 588 2395 719 2485; x_wconf 76' lang='lat' dir='ltr'>restat,</span> <span class='ocrx_word' id='word_1_145' title='bbox 742 2418 858 2496; x_wconf 87' lang='lat' dir='ltr'>quam</span> <span class='ocrx_word' id='word_1_146' title='bbox 882 2412 929 2473; x_wconf 83' lang='lat' dir='ltr'>ut</span> 
     </span>
    </p>

    <p class='ocr_par' dir='ltr' id='par_1_11' title="bbox 13 2492 1022 3092">
     <span class='ocr_line' id='line_1_24' title="bbox 13 2492 929 2585; baseline 0 -14"><span class='ocrx_word' id='word_1_147' title='bbox 13 2548 16 2553; x_wconf 92' lang='lat'>-</span> <span class='ocrx_word' id='word_1_148' title='bbox 73 2496 300 2571; x_wconf 83' lang='lat' dir='ltr'>deditionem</span> <span class='ocrx_word' id='word_1_149' title='bbox 326 2500 551 2582; x_wconf 73' lang='lat' dir='ltr'>meditentur</span> <span class='ocrx_word' id='word_1_150' title='bbox 569 2492 713 2585; x_wconf 85' lang='lat' dir='ltr'>obieffi,</span> <span class='ocrx_word' id='word_1_151' title='bbox 735 2494 795 2572; x_wconf 89' lang='lat' dir='ltr'>vei</span> <span class='ocrx_word' id='word_1_152' title='bbox 814 2495 929 2571; x_wconf 75' lang='lat' dir='ltr'>houe-</span> 
     </span>
     <span class='ocr_line' id='line_1_25' title="bbox 74 2590 930 2694; baseline -0.002 -21"><span class='ocrx_word' id='word_1_153' title='bbox 74 2594 145 2673; x_wconf 79' lang='lat' dir='ltr'>stas</span> <span class='ocrx_word' id='word_1_154' title='bbox 159 2596 259 2694; x_wconf 82' lang='lat' dir='ltr'>pacis</span> <span class='ocrx_word' id='word_1_155' title='bbox 286 2596 710 2683; x_wconf 62' lang='lat' dir='ltr'>conditionesineundm</span> <span class='ocrx_word' id='word_1_156' title='bbox 732 2592 794 2670; x_wconf 85' lang='lat' dir='ltr'>vel</span> <span class='ocrx_word' id='word_1_157' title='bbox 814 2590 930 2671; x_wconf 66' lang='lat' dir='ltr'>vitto.-</span> 
     </span>
     <span class='ocr_line' id='line_1_26' title="bbox 72 2692 1022 2793; baseline -0.004 -24"><span class='ocrx_word' id='word_1_158' title='bbox 72 2696 125 2769; x_wconf 85' lang='lat' dir='ltr'>ris</span> <span class='ocrx_word' id='word_1_159' title='bbox 138 2694 290 2773; x_wconf 77' lang='lat' dir='ltr'>arbitrio</span> <span class='ocrx_word' id='word_1_160' title='bbox 304 2696 574 2773; x_wconf 83' lang='lat' dir='ltr'>munimentum</span> <span class='ocrx_word' id='word_1_161' title='bbox 585 2694 836 2793; x_wconf 79' lang='lat' dir='ltr'>relinquendo.</span> <span class='ocrx_word' id='word_1_162' title='bbox 873 2692 929 2767; x_wconf 79' lang='lat' dir='ltr'>ita</span> <span class='ocrx_word' id='word_1_163' title='bbox 1019 2760 1022 2765; x_wconf 86' lang='lat'>.</span> 
     </span>
     <span class='ocr_line' id='line_1_27' title="bbox 72 2787 931 2894; baseline -0.005 -25"><span class='ocrx_word' id='word_1_164' title='bbox 72 2816 212 2893; x_wconf 81' lang='lat' dir='ltr'>magno</span> <span class='ocrx_word' id='word_1_165' title='bbox 230 2792 358 2871; x_wconf 80' lang='lat' dir='ltr'>laboro</span> <span class='ocrx_word' id='word_1_166' title='bbox 373 2796 548 2894; x_wconf 83' lang='lat' dir='ltr'>perditur,</span> <span class='ocrx_word' id='word_1_167' title='bbox 564 2794 664 2893; x_wconf 88' lang='lat' dir='ltr'>quod</span> <span class='ocrx_word' id='word_1_168' title='bbox 682 2791 824 2891; x_wconf 82' lang='lat' dir='ltr'>magnis</span> <span class='ocrx_word' id='word_1_169' title='bbox 836 2787 931 2873; x_wconf 77' lang='lat' dir='ltr'>sum·</span> 
     </span>
     <span class='ocr_line' id='line_1_28' title="bbox 73 2884 934 2993; baseline -0.007 -24"><span class='ocrx_word' id='word_1_170' title='bbox 73 2892 176 2969; x_wconf 87' lang='lat' dir='ltr'>tibus</span> <span class='ocrx_word' id='word_1_171' title='bbox 191 2893 385 2980; x_wconf 81' lang='lat' dir='ltr'>excitatur,</span> <span class='ocrx_word' id='word_1_172' title='bbox 403 2892 442 2968; x_wconf 74' lang='grc' dir='ltr'>ἀ</span> <span class='ocrx_word' id='word_1_173' title='bbox 459 2892 579 2970; x_wconf 83' lang='lat' dir='ltr'>nobile</span> <span class='ocrx_word' id='word_1_174' title='bbox 595 2914 688 2992; x_wconf 94' lang='lat' dir='ltr'>opus</span> <span class='ocrx_word' id='word_1_175' title='bbox 703 2884 934 2993; x_wconf 72' lang='lat' dir='ltr'>Architediu·</span> 
     </span>
     <span class='ocr_line' id='line_1_29' title="bbox 72 2986 974 3092; baseline -0.008 -25"><span class='ocrx_word' id='word_1_176' title='bbox 72 3013 124 3067; x_wconf 81' lang='lat' dir='ltr'>1ae</span> <span class='ocrx_word' id='word_1_177' title='bbox 137 2989 330 3066; x_wconf 84' lang='lat' dir='ltr'>Polemicae</span> <span class='ocrx_word' id='word_1_178' title='bbox 345 2992 497 3092; x_wconf 75' lang='lat' dir='ltr'>propriIs</span> <span class='ocrx_word' id='word_1_179' title='bbox 518 2992 721 3068; x_wconf 84' lang='lat' dir='ltr'>involvitur</span> <span class='ocrx_word' id='word_1_180' title='bbox 746 2986 871 3071; x_wconf 78' lang='lat' dir='ltr'>ruinis,</span> <span class='ocrx_word' id='word_1_181' title='bbox 889 3008 934 3061; x_wconf 86' lang='lat' dir='ltr'>ao</span> <span class='ocrx_word' id='word_1_182' title='bbox 970 3028 974 3033; x_wconf 91' lang='lat'><em>·</em></span> 
     </span>
    </p>

    <p class='ocr_par' dir='ltr' id='par_1_12' title="bbox 73 3082 933 3195">
     <span class='ocr_line' id='line_1_30' title="bbox 73 3082 933 3195; baseline 0.001 -32"><span class='ocrx_word' id='word_1_183' title='bbox 73 3088 286 3189; x_wconf 82' lang='lat' dir='ltr'>splendido,</span> <span class='ocrx_word' id='word_1_184' title='bbox 308 3088 488 3193; x_wconf 78' lang='lat' dir='ltr'>quodibi</span> <span class='ocrx_word' id='word_1_185' title='bbox 509 3086 756 3195; x_wconf 84' lang='lat' dir='ltr'>paravitipsa,</span> <span class='ocrx_word' id='word_1_186' title='bbox 787 3082 933 3164; x_wconf 74' lang='lat' dir='ltr'>tumulo</span> 
     </span>
    </p>
   </div>
   <div class='ocr_carea' id='block_1_3' title="bbox 74 3186 941 3381">
    <p class='ocr_par' dir='ltr' id='par_1_13' title="bbox 74 3186 941 3381">
     <span class='ocr_line' id='line_1_31' title="bbox 74 3186 621 3269; baseline 0 0"><span class='ocrx_word' id='word_1_187' title='bbox 74 3186 247 3269; x_wconf 70' lang='lat' dir='ltr'>infestum</span> <span class='ocrx_word' id='word_1_188' title='bbox 617 3260 621 3269; x_wconf 94' lang='lat'>.</span> 
     </span>
     <span class='ocr_line' id='line_1_32' title="bbox 328 3275 941 3381; baseline -0.013 0"><span class='ocrx_word' id='word_1_189' title='bbox 328 3341 337 3381; x_wconf 58' lang='grc' dir='ltr'><strong>ι</strong></span> <span class='ocrx_word' id='word_1_190' title='bbox 484 3286 615 3381; x_wconf 57' lang='lat'>2552</span> <span class='ocrx_word' id='word_1_191' title='bbox 846 3275 941 3373; x_wconf 69' lang='lat' dir='ltr'>CA·</span> 
     </span>
    </p>
   </div>
   <div class='ocr_carea' id='block_1_4' title="bbox 0 0 1057 3682">
    <p class='ocr_par' dir='ltr' id='par_1_14' title="bbox 0 0 1057 3682">
     <span class='ocr_line' id='line_1_33' title="bbox 0 0 1057 3682; baseline 0 0"><span class='ocrx_word' id='word_1_192' title='bbox 0 0 1057 3682; x_wconf 95' lang='lat' dir='ltr'> </span> 
     </span>
    </p>
   </div>
  </div>
 </body>
</html>
