2086 3682
76 134 79 140 ·
136 131 224 223 394
255 175 266 191 ..
462 91 587 220 Caput
617 100 666 190 V
662 99 717 188 H.

134 265 259 341 versus
292 265 500 354 orientem:¹
533 266 578 338 de
610 262 811 338 vorticibus
843 261 922 337 solis
952 263 990 337 &

137 365 316 441 stellarum
342 363 519 449 fixarum,
545 362 616 437 &u
650 348 833 463 explica'nt
865 358 989 460 passim

59 556 63 561 ¹
140 458 394 561 Mathematici
409 457 428 546 ,'
454 458 726 559 monstrantque
749 485 813 559 per
835 459 856 533 fi
887 484 989 547 uras,

56 560 58 564 ’
139 568 300 639 maxime
334 560 514 660 Ke'pietus
545 560 582 635 &
615 558 825 659 Cartefius,
926 561 991 658 qui

139 664 208 739 hos
232 662 442 762 sequuntur.
492 674 494 679 ·
914 702 917 707 -

181 874 184 879 ’
211 859 396 961 Superest,
418 877 463 933 ut
484 857 633 958 systema
656 860 804 959 quoque
830 849 992 947 tertium,

143 962 244 1063 quod
276 986 297 1035 a
328 959 508 1058 Tychone
545 957 692 1037 auiiote
725 957 788 1033 suo
823 950 994 1055 Tycbont‘·

140 1084 220 1138 cum
243 1078 496 1159 nuncupatur,
523 1059 561 1133 ἃ
589 1057 688 1159 quod
717 1068 817 1132 ‘nunc
844 1078 995 1143 omnes,
1028 1138 1031 1144 ,

140 1159 204 1258 qui
231 1184 252 1232 a
278 1158 487 1258 Cupernico
511 1156 745 1244 distendunt,
773 1153 995 1257 ampleCiuu·

139 1278 229 1345 tut,
262 1259 387 1357 paucis
423 1245 616 1355 exponam.
686 1257 760 1332 Hic
791 1266 925 1329 t'erram
957 1254 996 1330 iu

141 1376 269 1432 centro
294 1353 512 1429 firmamenti
537 1354 714 1449 collocat,
740 1372 855 1454 atque
871 1376 917 1429 ex
933 1349 995 1428 ilio

140 1454 238 1530 lunae
263 1452 301 1551 &
328 1451 407 1528 solis
434 1450 686 1555 stellarumque
710 1453 863 1529 fixarum
889 1451 996 1527 orbes

142 1551 342 1627 deicribitt
375 1549 485 1627 solem
512 1576 601 1628 veto
625 1550 848 1652 reliquorum
876 1551 997 1652 pune·

144 1662 267 1726 tarum
296 1669 463 1724 centrum
490 1649 633 1739 statuit,
666 1653 716 1727 ita
742 1671 785 1724 ut
809 1648 997 1727 inferiores

143 1751 275 1824 Venus
303 1768 415 1849 atque
450 1750 653 1824 Mercurius
685 1751 781 1825 circa
816 1749 926 1826 solem
945 1748 997 1845 ,δε

40 1854 74 1906 -“
145 1872 221 1945 upa
246 1870 331 1920 cum
366 1840 437 1922 sole
466 1849 562 1924 circa
591 1846 758 1924 tellurem
798 1869 996 1947 notentur}

135 1946 345 2046 ,superiores
371 1969 461 2035 ueto
488 1949 607 2037 Mars,
631 1949 774 2048 Jupiter
803 1972 846 2022 ac
876 1950 997 2023 Sutur-

144 2069 215 2142 nus
238 2094 251 2134 ‚
276 2044 311 2118 *fi
336 2067 382 2120 ex
406 2064 510 2147 parte
535 2045 614 2122 solis
637 2049 900 2135 inveniantur,
934 2045 998 2121 fiut

144 2140 369 2219 remotiffimi
394 2169 416 2216 a
442 2164 574 2220 terrae
596 2167 642 2218 ex
667 2145 779 2220 altera
805 2169 893 2221 vern
921 2165 999 2243 par·

39 2285 42 2290 ·
146 2246 330 2318 tetidem
364 2240 474 2341 longe
495 2243 805 2343 propinquiorem
839 2246 901 2318 ubi
937 2242 997 2318 ad·

146 2341 387 2426 uertendum,
412 2343 508 2434 cirta
528 2342 659 2440 Jovem
685 2341 771 2417 alias
795 2343 911 2419 steiias
933 2343 997 2417 mi·

146 2460 256 2514 nores
276 2456 457 2538 quatuor,
482 2439 576 2525 circa
600 2441 796 2515 Saturnum
821 2445 995 2543 quinque,

147 2538 211 2709 Ti
245 2536 399 2611 comites
429 2539 531 2637 Jovis
572 2561 615 2613 ac
650 2538 820 2619 satellites
853 2538 996 2615 Saturni

110 2656 114 2661 ·
139 2697 147 2704 .
175 2639 346 2721 icuntut,
378 2659 450 2713 non
476 2636 575 2711 secus
599 2660 641 2710 ac
663 2637 787 2714 lunam
814 2640 910 2715 circa
932 2637 997 2729 tei·

145 2734 263 2810 iurem
289 2736 465 2810 moveri..
493 2739 619 2836 itaque
643 2737 715 2811 hoc
730 2739 905 2815 convenit
925 2734 997 2836 Ty·

146 2836 257 2908 choni
280 2856 364 2907 cum
389 2834 673 2933 Copemicanis‚
705 2838 804 2936 quod
836 2835 998 2937 planetu·

144 2956 228 3006 turn
260 2938 425 3019 centrum
456 2937 493 3008 in
529 2932 600 3009 sole
633 2932 740 3035 figat,
772 2938 835 3036 qui
870 2931 998 3012 eorum

32 3054 37 3067 s
142 3044 276 3119 tantus,
296 3031 487 3124 stationes,
509 3031 729 3120 diremtum,
749 3058 793 3109 ac
816 3048 999 3139 retrogra-

142 3127 333 3223 dationes-,2
361 3151 406 3207 ut
431 3131 682 3234 adpellantur,
713 3136 865 3215 omnino
904 3134 999 3236 regit

957 3254 998 3308 ac
