2084 3698
110 147 200 238 226
399 132 560 253 *Caput
592 130 675 222 IX·
724 146 727 150 ’
770 152 776 171 ‘
820 232 823 236 ,

110 299 290 379 successus
305 295 570 398 exspedatione
582 295 725 398 plenus,
738 295 830 370 dum
838 314 968 371 contra

108 400 263 500 publius.
279 398 316 473 dt
337 397 396 498 spe
413 394 576 495 dejedus
594 397 754 470 maxime
767 414 901 483 nocet,
929 394 968 468 fi·

109 499 263 600 quidem
283 497 446 595 corporis
460 497 591 572 morbo
604 495 717 571 etiam
736 494 848 570 animi
864 494 970 595 aegri·

109 600 204 673 tudo
231 596 384 670 accedit.
421 660 424 664 Δ
826 620 831 629 ’
878 628 881 632 -

120 718 127 731 '
187 729 298 802 Porro
315 747 358 802 ea
374 722 426 800 est
437 713 556 800 morbi
573 724 733 824 cujusvis
751 725 905 813 indoles,
919 742 965 800 ut

123 823 295 941 'rodigari
314 843 485 922 nequeat,
505 821 567 898 niti
589 822 726 898 hostem
743 825 965 914 admoveas,

172 926 217 1010 in
231 924 304 1022 rpia
328 919 448 997 fronte
473 923 564 996 aciei
585 944 767 1021 opponas,
791 924 993 999 nimirum,-r

21 1014 23 1025 ⁴
110 1012 289 1117 ejunnodi
299 1022 401 1120 quid,
410 1023 509 1137 quod
521 1022 759 1120 antipathiam
776 1044 857 1096 cum
866 1044 959 1097 mor·

107 1121 158 1207 bo
167 1144 210 1196 ac
224 1121 342 1194 morbi
355 1121 476 1194 radice
487 1120 921 1220 gerat,quemadmodum
936 1118 962 1199 n

105 1216 222 1318 frigus
236 1216 356 1293 calore
370 1217 496 1317 pellas,
506 1237 572 1294 aut
586 1218 877 1319 quodrepIetum·
893 1218 958 1321 est,

106 1338 279 1405 evacues,
292 1336 358 1392 aut
371 1316 676 1417 quodamarum,
696 1314 809 1394 dulce
819 1318 962 1395 reddas.

105 1416 215 1489 Unde
233 1415 297 1491 lex
315 1414 390 1492 esto
405 1429 606 1517 perpetua:
634 1418 857 1492 curationem
881 1415 959 1494 fieri

105 1520 278 1615 'oportere
299 1528 363 1614 pet
388 1516 594 1591 contratiae·
631 1517 867 1616 Quapropter
878 1515 953 1592 illo·

34 1610 39 1617 ’
69 1612 71 1617 ’
104 1636 186 1687 rum
208 1613 465 1783 sententia,]ui
483 1614 630 1689 morbos
644 1614 905 1712 nonnunquam
919 1615 957 1690 st·
984 1658 987 1673 ·

102 1710 249 1787 milibus
267 1715 384 1786 curari
423 1731 552 1796 otene,
572 1711 617 1784 stc
635 1711 686 1799 est
701 1712 956 1810 intelligenda,

101 1811 202 1922 quod
218 1809 397 1892 remedia,
412 1829 494 1904 quae
509 1807 699 1881 licentum
716 1813 846 1886 morbo
864 1811 954 1889 srmi·

100 1905 292 1982 lttudinem
318 1906 452 1981 habete
477 1907 696 1996 videantur,
718 1909 796 2001 ejus
828 1931 953 1988 tamen

100 2003 227 2080 eauffae
250 2029 294 2080 ac
316 2007 428 2080 radici
446 2008 596 2081 omnino
610 2007 868 2099 adversentur,
894 2013 951 2086 uti

98 2098 300 2205 contingit,
322 2103 346 2176 st
358 2106 523 2193 uomitus
537 2106 682 2179 vomitu
698 2116 857 2194 cute‘tur,
884 2111 952 2183 toi·

96 2201 206 2276 lendo
223 2203 412 2278 materiam
433 2213 658 2302 peccantem,
668 2205 703 2275 θ’,
719 2213 951 2284 exonerando

96 2299 272 2387 sentinam
285 2303 457 2400 corporie
492 2304 598 2392 Unde
614 2327 706 2401 quot
722 2306 948 2396 morborum,

99 2418 159 2474 tot
185 2400 534 2474 medicamentorum
562 2424 695 2500 genera
718 2401 799 2475 sunt
820 2406 947 2481 consti·

16 2527 20 2538 κ
95 2500 260 2584 tuenda,
285 2519 441 2595 quorum
468 2522 567 2598 nunc
587 2499 734 2600 fimplex
758 2499 823 2589 fit,
850 2527 948 2578 nunc
999 2591 1001 2597 ¹

94 2599 210 2670 mixta
234 2598 442 2695 temperies,
455 2620 641 2695 nunquam
660 2619 948 2679 tarneneontra·

92 2698 148 2770 rio
180 2717 304 2793 carens
319 2740 331 2780 ,
368 2697 470 2792 quod
511 2698 556 2768 ad
576 2698 685 2783 ,vires
722 2698 945 2798 agritudinis

9 2860 12 2865 .
92 2792 309 2895 frangendas
334 2794 557 2896 adhibeatur.
643 2791 659 2803 ”

441 2941 596 3016 XLVII.

165 3047 302 3141 Quodsi
316 3050 433 3139 morbi
456 3073 571 3150 genus
597 3049 655 3126 vel
680 3049 812 3150 species
828 3053 943 3131 Medi·

83 3168 172 3226 curn
189 3147 314 3255 lateat,
326 3150 366 3229 ἃ
383 3151 442 3227 bic
453 3152 498 3227 ad
515 3151 592 3247 eius
610 3151 767 3227 radicem
781 3157 943 3230 necdum

879 3279 935 3355 u·
