2086 3682
113 212 116 217 -
248 144 558 242 Archiieiiom'ca
573 147 716 242 civilis.
851 182 935 271 199

75 334 264 412 gyuaeceo.
299 316 319 406 (
341 340 363 390 a
386 312 598 388 mulieribus
621 315 843 393 'euim'viros
868 321 936 395 du·

73 433 179 487 rante
205 412 344 488 diluvio
381 413 581 489 abstinuiiie
612 417 750 490 docent
783 420 819 491 S.
846 423 934 495 Am

72 510 224 601 brnfius,
248 513 437 599 Rabanus,
462 514 497 587 S.
522 510 728 602 Anselmus,
753 516 936 618 Hierony,

70 632 156 685 mus
180 611 220 687 ὅ(
244 610 337 706 aiii)
367 612 456 685 huic
490 609 617 686 iumen
639 611 855 691 infundebat
878 614 935 693 ar}

71 731 122 799 cat
138 708 294 785 fenestra
316 712 417 786 vitro
441 708 643 808 pellucido,
666 711 848 814 crystallo,
870 715 935 793 vei

70 830 115 882 ut
128 829 254 884 textus
269 810 446 884 Hebraeus
461 811 611 899 indicat,
626 810 746 914 lapide
758 811 933 913 speculari

69 905 261 983 instruerat
280 908 437 984 secundo
462 931 542 984 etat
568 910 689 987 culina
710 934 795 985 cum
822 914 931 989 cami-

68 1030 117 1081 no
150 1008 190 1082 ἃ
222 1006 335 1082 fotu:
369 1008 479 1083 tertio
509 1031 626 1108 penus
663 1032 816 1086 anuonae
850 1030 930 1087 tam

68 1106 138 1181 cibi
165 1122 275 1208 quam
301 1126 425 1207 potus.
476 1109 529 1180 Ex
552 1107 619 1181 alia
645 1128 750 1207 parte
778 1106 931 1185 fuerunt

67 1228 190 1281 caveae
226 1229 272 1280 ac
305 1206 381 1283 uidi
421 1204 638 1306 fingularum
680 1207 807 1282 avium
844 1229 932 1285 curu

66 1303 130 1379 suo
154 1305 288 1405 pabulo
307 1329 320 1397 3
360 1304 459 1380 scaiae
482 1328 649 1405 quoque,
676 1328 742 1406 pet
764 1329 865 1405 quas‘
883 1328 931 1385 ex

65 1426 140 1479 uua
174 1405 213 1479 iu
250 1405 357 1481 aiiam
393 1405 708 1505 contignationem
741 1405 804 1482 via
826 1426 930 1506 patu-

66 1504 128 1577 bat
154 1530 165 1577 r
190 1526 300 1605 porro
328 1502 501 1603 spiracula
525 1506 570 1576 ad
596 1527 720 1579 auram
746 1507 931 1605 excipien-

63 1603 150 1679 dam
174 1605 496 1703 renovandamque
520 1601 616 1701 quast
642 1604 798 1679 totidem
818 1604 931 1680 cami·

63 1702 115 1790 ni,
125 1703 188 1798 qui
203 1703 315 1802 usque
329 1702 375 1775 ad
389 1724 480 1777 arcae
497 1701 676 1775 iummum
688 1698 828 1780 tatium
867 1726 931 1778 ru·

63 1801 319 1879 tendebantur.
339 1802 414 1889 ‚His
434 1802 603 1875 omnibus
614 1803 772 1905 denique
786 1824 824 1878 te
862 1825 928 1881 um

61 1898 389 2072 sugerimpofitutm
404 1898 553 2000 planum
579 1902 742 1998 quidem,
759 1901 819 1976 ied
836 1924 928 1978 nou·

62 2001 99 2073 ni
130 1997 155 2072 ii
179 1999 337 2085 acclive,
374 2019 427 2072 tta
468 2019 512 2070 ut
536 1998 659 2071 senfim
690 2021 734 2072 ac
755 1997 854 2074 lente
876 2000 928 2085 ¹ud

63 2099 295 2175 altitudinem
322 2095 437 2170 cubiti
461 2093 583 2166 media
608 2093 662 2164 sui
686 2114 791 2193 parte
817 2094 929 2169 affut.

60 2216 166 2297 guter
193 2194 223 2296 (
232 2196 278 2277 θ’,
306 2199 347 2270 in
368 2188 488 2268 cubito
512 2186 763 2285 constrmmnbis
776 2188 928 2285 stamini.

61 2311 175 2372 tutem
190 2290 306 2396 ejus)
333 2317 378 2372 eo
403 2289 563 2379 confluo,
589 2308 633 2366 ut
657 2289 823 2392 pluviam
842 2284 925 2378 iila}

60 2397 162 2496 piam
193 2397 365 2497 utrinque
399 2391 684 2494 praecipitaret·
735 2391 924 2467 Caeterum

62 2518 183 2572 arcam
208 2519 284 2570 non
310 2498 347 2568 in
369 2496 512 2567 moreni
538 2490 688 2591 navigii,
703 2486 784 2587 (uti
809 2487 924 2593 pitto·
991 2496 994 2500 ’

61 2617 119 2671 res
143 2595 303 2694 impetiti
326 2592 496 2667 exhibere
521 2588 675 2683 solent)
701 2591 806 2684 cujus
831 2591 924 2667 cati·
1027 2610 1033 2619 “

60 2717 108 2768 na
133 2714 318 2780 arcuatur,
344 2691 403 2766 sed
431 2691 473 2765 in
498 2690 677 2764 minorem
700 2687 792 2764 cistae
816 2689 924 2763 undi-

61 2815 138 2891 quu
157 2791 284 2869 ciauiae
309 2791 348 2866 &
370 2786 639 2891 quadrangulae,
665 2809 745 2886 quae
769 2783 921 2863 inferius

42 2893 46 2897 ’
58 2891 166 2992 plana
188 2889 238 2971 ess
264 2891 303 2966 &
327 2887 475 2990 aequalis
502 2883 842 3002 quaquaversum,
867 2883 923 2958 su·

57 2980 921 3194 tritt,{it‘grutingisiittnit‘tii

56 3189 90 3267 se
112 3193 161 3271 D.
185 3184 382 3293 Augustini
407 3182 653 3361 {litimonium
694 3179 733 3260 &
766 3178 934 3271 Hebrais

480 3303 497 3381 3
829 3300 915 3359 cunt
991 3329 999 3341 x
