2086 3682
290 214 296 234 ,
357 135 616 255 Astronomio.
836 166 926 255 459

70 300 185 379 Porro
227 299 364 403 duplici
404 322 558 379 comete
592 317 698 381 motu
738 300 928 379 circumfe-

70 422 225 477 runtur:
251 422 348 475 unus
373 396 423 475 ell
449 401 556 499 primi
581 396 724 472 mobilis
748 398 807 476 seu
830 404 928 477 diur-

70 523 141 575 nus
175 500 221 573 ab
253 497 411 575 Oriente
443 502 482 574 in
508 498 776 580 Occidentem,
814 520 928 601 atque

70 620 158 675 eum
183 596 327 697 reliquo
350 622 462 770 grepe
486 598 557 673 illis
582 598 808 673 communis:
835 599 928 695 alter

70 697 383 773 manumortis
421 722 466 771 eu
493 718 619 773 motus
645 698 824 796 proprius,
849 723 925 798 quo

70 796 142 893 lam
168 794 295 871 versus
317 818 455 883 ortum,
463 797 537 891 jam
555 796 680 872 versus
704 794 924 874 alterutrum

70 896 197 971 mundi
223 895 350 993 polum
372 897 671 995 progrediuntur,
696 895 826 971 itinere
841 897 925 972 latis

70 994 194 1079 dubio,
219 1014 398 1094 motuque
424 995 573 1093 obliquo
599 995 763 1093 planetas
791 997 923 1071 bacin

70 1116 106 1169 te
131 1092 349 1180 imitantur,
373 1096 425 1168 ita
451 1114 495 1166 ut
520 1098 632 1169 modo
658 1089 755 1166 redla
778 1095 924 1169 incede·

70 1214 106 1267 re
131 1193 213 1280 via,
243 1193 357 1267 modo
382 1196 675 1280 retrocedentes,
700 1215 799 1265 nunc
822 1188 924 1269 velo·

70 1292 184 1365 tiores
209 1310 308 1366 nunc
333 1292 534 1383 tardiores,
561 1314 660 1366 nunc
684 1293 835 1369 omnino
856 1290 924 1367 sta·

70 1412 106 1465 te
129 1390 334 1465 videantur.

116 1589 294 1691 Expositis
319 1590 562 1667 Cometarum
589 1590 735 1666 dotibus
756 1592 803 1665 ad
817 1610 923 1668 natu·

70 1712 142 1767 tam
183 1714 313 1766 eorum
351 1689 636 1790 investigandam
679 1691 833 1789 gradum
868 1690 922 1769 fa·

70 1792 150 1865 tio:
184 1792 419 1889 Antiquiores
443 1788 650 1889 Philosophi
674 1790 822 1889 quidam
844 1792 922 1867 Co·

70 1906 246 1965 metarum
281 1888 421 1963 natales
457 1896 483 1964 e'
514 1887 654 1963 telluris
685 1888 921 1985 exhalationi-

70 2002 132 2063 rus
155 1986 311 2063 accensis
343 1988 537 2086 petebant,
563 1986 816 2086 persuadentes
841 1990 922 2077 fibi,
974 2034 984 2049 x

70 2108 128 2163 eos
160 2086 232 2161 elle
270 2042 387 2161 veluti
419 2107 583 2162 meteora
619 2089 656 2160 in
682 2109 764 2160 aere
799 2085 921 2163 nostro

70 2186 106 2277 tel
134 2188 305 2272 atentia,
333 2183 392 2260 sed
425 2209 641 2288 perperam3
673 2208 788 2284 quum
813 2207 835 2258 e
865 2208 920 2258 re·

70 2208 156 2387 φῇς
182 2285 407 2381 parallaxens
430 2284 700 2373 satisconstet,
727 2284 837 2384 longe
863 2280 919 2357 su·

70 2406 125 2457 rra
149 2380 296 2471 lunam,
330 2386 444 2460 immo
482 2386 520 2463 dr
560 2384 667 2459 solem
695 2382 922 2458 domicilium

70 2480 142 2557 llos
158 2480 298 2579 ulixilie,
323 2506 515 2583 quousque
541 2482 789 2581 exhalationes
816 2503 923 2567 terrae

70 2582 276 2677 neutiquam
302 2578 452 2658 elullari
479 2583 659 2682 poliunt„
699 2585 824 2679 Quare
852 2576 923 2657 aivi

70 2681 275 2755 ecentioris
300 2680 505 2758 Astronomi
532 2680 637 2754 aliam
666 2703 824 2778 eamque
853 2682 923 2751 du.

70 2777 193 2877 ¹>licem
233 2779 372 2861 inisvere
408 2785 535 2867 viam,
569 2805 640 2880 qua
674 2781 919 2854 Cometarum

70 2877 203 2979 penehn
221 2880 448 2977 detegerent.
502 2883 578 2977 Qui
601 2881 754 2979 primam
777 2895 919 2962 tenent,

70 2968 191 3079 tempe
216 2979 360 3075 Tycho,
386 2977 584 3069 Herelius,
610 2978 813 3064 Sturmius,
836 2974 920 3077 Kir-

70 3076 222 3165 herus,
256 3078 465 3170 Dechales,
491 3079 600 3167 Bion,
625 3080 696 3152 dre.
731 3094 917 3177 cometam

70 3174 128 3253 alle
156 3178 577 3289 contenduntphahtum
600 3176 804 3281 ,quemdam
835 3195 912 3353 ςῖν·

647 3330 653 3343 1
883 3294 930 3355 ἢῆ
