2086 3682
105 222 108 227 ,
147 93 188 219 ſs
245 135 555 231 mammona
582 138 725 233 omn.
853 169 935 239 201

73 325 160 377 nem
187 324 277 376 vero
301 326 346 397 ea
371 304 544 404 sapientia
568 304 788 405 scientiaque
803 304 934 381 divini·

71 422 134 477 tue
159 400 345 502 instruxit,
373 426 453 503 quae
476 404 522 480 ad
547 405 668 505 operis
690 423 768 479 tam
792 428 851 479 tna
879 407 932 481 ni·

70 500 303 600 fici-nempe
328 501 473 603 Templi
499 501 712 578 stmnuram
738 526 828 579 nece
878 506 931 581 ria

70 598 144 675 fuit
166 600 206 676 δι
228 603 473 690 conveniens,
501 602 681 702 cujusque
709 602 829 678 ideam
853 602 930 681 vel«
1027 636 1030 645 ·

44 702 115 788 ‚u't
139 699 263 800 digitis
290 700 359 775 suis
382 700 598 808 descriptam
623 701 779 790 Dandi,
800 702 839 777 ὁ(
862 725 929 802 per

71 799 172 873 hunc
204 797 278 873 filio
314 801 393 898 ejus
419 801 606 877 Salomoni
631 799 829 877 exhibuisse
852 824 927 877 me·

70 900 147 983 rito⁴
172 896 356 994 censetur:
380 903 455 998 (q)
489 899 634 988 Omnia,
658 901 778 1001 inquit
789 901 926 988 David,

71 1007 245 1072 venerunt
270 995 408 1101 fcm'pto
423 1023 528 1072 manu
546 998 698 1074 Domini
722 996 773 1072 ad
788 1021 861 1086 me,
882 1013 926 1074 ut

69 1095 301 1204 intelligerem
345 1096 511 1193 universa
556 1114 660 1198 opera
705 1095 927 1197 exemplaris.
991 1136 996 1153 ι

68 1197 162 1271 Sunt
183 1213 307 1271 autern
342 1199 380 1272 in
405 1195 643 1275 tabernaculo
668 1194 829 1273 Mosaico
852 1206 927 1297 pre

67 1293 216 1394 reliquie
245 1299 471 1396 duarpattes
506 1296 646 1372 edificii
678 1296 789 1390 hujus
813 1294 925 1372 conli-

66 1395 254 1472 deratione
281 1396 409 1494 dignae.
461 1397 580 1473 Prima
605 1393 656 1471 est
680 1397 836 1484 atrium,
860 1418 924 1470 cu·

69 1493 173 1588 cujus
204 1493 398 1594 longitudo
435 1515 516 1570 tum
542 1496 735 1577 meridiem
762 1515 844 1569 turn
873 1492 924 1577 se,

65 1595 314 1692 ptentrionem
340 1593 463 1670 versus
488 1615 638 1676 centum
665 1595 836 1670 cubstost
871 1592 924 1685 la·

66 1693 189 1771 titudo
215 1713 341 1768 autern
367 1715 441 1768 tarn
457 1718 538 1792 quae
553 1694 799 1782 occidentem,
809 1714 922 1791 quam

65 1813 146 1890 quae
171 1791 349 1870 orientem
375 1792 610 1893 respiciebat,
643 1794 787 1869 cubitos
812 1793 921 1892 quin·

62 1891 261 1990 quaginta,
285 1891 442 1967 altitudo
466 1894 631 1993 quinque
655 1888 921 2062 complebleba·
955 1962 960 1976 ,

62 2010 133 2067 tur.
186 1990 394 2092 Cingebant
418 1990 507 2065 illud
533 1991 712 2064 columnae
749 1990 921 2086 exaginto
991 2062 1000 2077 ,

61 2113 107 2164 ex
131 2111 203 2164 aere
224 2087 419 2176 conflatae‚
456 2088 588 2186 viginti
619 2086 778 2186 alatere¹
813 2086 923 2161 tueri·

61 2191 199 2276 diano,
224 2191 380 2265 totidem
408 2187 453 2263 ab
478 2183 697 2284 aquilonari,
722 2186 849 2256 decem
876 2181 923 2257 ab

59 2287 267 2380 occidente,
281 2308 415 2390 totque
440 2287 486 2362 ab
510 2287 663 2373 oriente,
680 2285 733 2360 ita
755 2300 800 2357 ut
817 2281 922 2382 quin·

56 2410 137 2485 ⁴que
162 2387 295 2463 cubitis
320 2410 394 2463 una
422 2385 568 2463 dillaret
601 2387 646 2460 ab
668 2382 794 2459 altera.
864 2381 920 2456 Ex

60 2485 116 2561 his
142 2486 351 2586 pendebant
377 2489 536 2563 tentoria
561 2484 622 2560 seu
647 2482 732 2559 vela
751 2477 917 2582 byssina,
1023 2529 1028 2533 -

63 2607 143 2684 quae
188 2588 369 2685 parietum
406 2584 514 2661 instar
548 2586 683 2659 attium
719 2583 918 2658 circumda·

63 2683 276 2787 bant,·quod
302 2687 477 2784 quadrata
503 2683 564 2761 vel
590 2685 715 2783 potius
741 2680 919 2780 quadran·

62 2781 177 2883 gulari
201 2781 319 2884 figura
343 2785 534 2884 praeditum
567 2806 611 2859 ea
635 2782 778 2857 ratione
803 2775 926 2853 collo·-
958 2824 961 2829 ·

62 2883 231 2998 cubator,
263 2900 309 2957 ut
336 2883 438 2960 omni
469 2906 516 2959 ex
541 2903 645 2984 parte
667 2878 823 2957 ambiret
845 2875 920 2951 Ta·

789 2974 919 3049 berna·
1009 3042 1011 3046 Α

138 3104 206 3189 (q)
230 3075 532 3187 Lil.2'.&3.1leg.
581 3098 665 3166 Item
688 3093 877 3181 Paralipom.
886 3110 938 3165 1„

61 3189 135 3278 Q·
151 3200 213 3268 28,
236 3213 268 3260 ¹¹·
284 3211 336 3276 19.
457 3274 540 3373 N⁴
