2086 3682
136 156 223 249 194
348 122 478 242 Capul
495 119 545 221 V
541 119 599 210 II.
618 117 860 239 Adjmn'ta
965 154 969 164 ·

137 314 200 371 tus
223 276 374 391 quoque
399 287 513 361 nimio
538 286 694 361 humore
717 285 891 383 opprimi.
919 309 993 387 gra.

139 391 220 465 vari
245 406 376 488 caput,
412 383 615 482 multisque
640 405 684 457 ac
708 378 829 471 erallis
852 388 993 486 vapori·

140 491 211 565 bus
235 487 400 585 imple‘ri,
434 482 667 582 caloremque
692 481 861 556 nativum
890 487 993 561 hebe-

140 587 223 662 tari.
274 584 414 660 Scholae
437 580 669 658 Salernitana
691 580 927 681 prognostica
952 582 993 659 de

140 686 216 763 hoc
242 684 368 759 somno
385 680 467 756 sunt
485 708 494 752 ε

241 854 379 949 rubris,
392 859 578 962 pigrities,
594 852 875 958 capitindolor,
895 873 992 962 atque

136 1082 143 1097 ‚
470 973 660 1055 catarrhus
865 1090 869 1095 Ι

238 1099 331 1209 Hae
351 1096 422 1177 ribi
436 1102 658 1203 proveniant
686 1124 732 1174 ex
749 1098 872 1195 somno
894 1103 991 1178 meri·

337 1216 342 1225 “
474 1217 591 1300 diano.

146 1368 290 1450 Conna
306 1367 388 1444 sunt
408 1366 485 1457 alii,
508 1368 571 1469 qui
597 1369 812 1470 neutiquam
829 1372 883 1453 ita
903 1372 993 1447 noci-

144 1492 239 1549 vum
275 1467 346 1544 eise
363 1468 597 1556 autumant',
637 1469 727 1568 quin
762 1469 801 1547 δι
822 1469 992 1545 salubrem

144 1570 403 1675 pronunciant,
417 1586 497 1642 turn
512 1566 598 1666 quia
623 1565 766 1668 spiritua
793 1566 894 1646 suavi
908 1593 994 1670 quo·

145 1670 233 1745 dam
254 1690 361 1756 rore,
395 1689 417 1742 e
446 1666 645 1761 vaporibus
675 1666 758 1741 cibi·
779 1668 993 1769 benignioris

144 1788 235 1841 nato
258 1782 423 1849 recreat,
452 1782 532 1836 tum
561 1764 646 1861 quia
681 1766 993 1863 uires÷ulaboribris

137 1862 342 1963 nudusque
367 1863 658 1937 antemeridianis
684 1861 990 1975 sraifflssfigltr

145 1982 262 2137 atqqe
286 1964 339 2039 ita
361 1960 499 2037 multos
526 1964 562 2037 in
587 1962 991 2068 extremum-„simse-

146 2085 194 2139 ne
232 2087 290 2140 am
317 2060 503 2137 salubriter
535 2085 580 2136 eo
613 2062 669 2135 uti
693 2064 876 2140 videmus.
979 2084 992 2138 t

146 2163 211 2262 qui
233 2163 391 2238 mediam
416 2160 455 2236 da
480 2159 575 2235 sorte
601 2160 819 2238 securiorem
834 2167 933 2240 viam
946 2186 993 2240 te·

146 2281 264 2349 nent,
297 2260 462 2336 somnum
486 2258 778 2357 poll'meridiem
805 2263 992 2339 vitandum

147 2360 218 2436 else
245 2358 413 2448 censent,
445 2360 602 2432 maxime
625 2358 716 2446 illis,
742 2363 807 2459 qui
829 2387 904 2438 non
925 2365 992 2459 jam

146 2457 397 2546 assueverunt,
430 2457 564 2532 &levi
589 2460 713 2557 potius
738 2461 992 2539 deambulatio·
1031 2516 1037 2529 .

147 2582 195 2633 ne
225 2558 342 2659 aliave
374 2557 484 2630 animi
513 2556 734 2633 relaxatione
765 2566 991 2650 arcendnm3
1034 2624 1037 2629 .

148 2658 318 2760 quamvis
350 2657 568 2756 quandoque
598 2658 700 2731 illum
729 2661 895 2748 prodesse
926 2684 992 2737 non
1035 2740 1037 2745 ,

147 2778 285 2858 negent
318 2757 554 2857 quibusdam,
579 2756 820 2846 unionibus,
848 2762 887 2835 dr
907 2761 991 2845 illis,

149 2861 213 2959 qui
244 2858 410 2958 regiones
442 2855 553 2934 calori
587 2856 857 2933 vehementiori
890 2862 992 2939 obno
1035 2928 1038 2933 .

149 2959 227 3034 xias
255 2955 449 3040 incolunt3
478 2955 567 3126 quin
603 2954 641 3028 ὅ(
666 2953 903 3034 necessarium
937 2982 992 3034 ve·
1033 2960 1037 2971 '

149 3057 309 3145 lintis,
340 3057 404 3155 qui
428 3077 475 3128 no
514 3077 552 3132 es
582 3051 760 3129 insomnes
787 3057 989 3141 duxerunt,

148 3176 215 3232 aut
238 3178 284 3233 ex
305 3155 435 3232 itinere
459 3150 679 3251 defatigatis,
702 3152 764 3231 vel
789 3154 987 3329 heilicagq·
