2086 3682
20 208 24 219 ,
136 112 224 236 154
445 115 588 235 ‘Capul
624 114 705 210 IV

137 284 303 381 marique
328 277 524 356 trattandis
549 282 701 355 intenta.
739 274 743 281 ’
773 276 929 355 Celebre
954 266 993 354 in

137 380 269 481 Anglia
291 379 341 453 est
365 379 755 479 Wellmona'llerium‚
777 380 925 476 antiqua
944 376 993 453 se·

137 483 202 555 des
234 482 399 579 Regum,
434 484 533 552 nunc
562 481 706 554 Domus
741 497 785 550 ut
810 476 994 575 adpellant

135 577 357 656 Parlam'enti
392 577 618 678 magnifica:
650 579 689 652 in
721 576 901 675 superiore
926 578 993 650 hn-

61 762 63 767 ,
135 678 194 776 jus
219 687 347 775 parte,
381 679 444 757 ubi
466 677 643 752 Thronusv
666 677 827 776 Regius,
859 698 993 775 genere

134 774 317 867 Illustres,
351 771 549 875 officioque
582 800 625 849 ac
649 775 827 876 dignitate
850 774 993 872 praeel-

136 874 255 950 lentes
278 876 326 971 ad¹
348 879 495 974 negotia
517 869 628 975 regni
642 871 829 949 trallanda
856 896 993 948 conve·

135 975 281 1058 niunt;
324 975 361 1048 ln
395 993 498 1070 parte
532 997 624 1049 vero
653 971 823 1047 inferiore
861 972 992 1071 reliqui

133 1072 290 1151 Nobiles
321 1074 505 1146 minorum
591 1073 707 1146 nrium
723 1120 737 1161 ,
776 1070 993 1167 urbiumque

31 1196 37 1224 s
135 1170 279 1272 Legati.
350 1173 494 1256 Caetera
526 1195 647 1271 pures
681 1192 820 1270 magnae
852 1173 993 1245 Britan·
1023 1168 1026 1175 ’

134 1273 205 1347 'niae
240 1271 408 1365 adjacent
443 1270 591 1359 lnsulae,
624 1291 668 1346 ut
693 1270 884 1359 Orcades,
917 1270 992 1345 He·

19 1389 22 1394 ’
58 1474 60 1481 y
119 1369 276 1459 ¹brides‚
308 1365 447 1458 Venis,
474 1369 540 1443 &e

80 1576 84 1585 .
150 1551 156 1571 ι
210 1513 334 1591 Dania
358 1520 518 1592 maribus
545 1520 581 1594 ὅ(
605 1517 707 1595 fretis
728 1516 767 1591 in
790 1512 935 1605 insulae,
949 1515 992 1601 ,ὃς

134 1616 339 1716 peninl'ulas
369 1613 479 1693 divisa
515 1617 598 1692 est:
636 1616 826 1717 praecipuae
870 1613 992 1689 insulae

60 1740 75 1765 κ
134 1715 219 1793 sunt
259 1715 473 1804 secundia,
507 1719 657 1804 Fioni'a,
690 1715 890 1800 Lalandia,
917 1713 989 1787 &n

134 1813 322 1914 peninsula
346 1815 554 1914 Jutlantlla,
586 1816 650 1889 ubi
675 1811 887 1894 sleswicum
910 1813 993 1886 Du·

134 1924 252 1989 ca'tus.
329 1917 456 1989 Daniae
488 1919 617 2014 Regno
650 1913 846 2012 Norwegia
877 1913 991 2009 modu

133 2033 250 2112 paret,
262 2015 350 2087 huic
379 2039 468 2091 vero
495 2013 669 2103 lslandia,
694 2013 754 2086 ubi
777 2033 883 2084 mons
901 2011 991 2110 igni·

132 2134 269 2187 vontus
295 2112 439 2201 Hecla,
479 2114 517 2187 ἃ
542 2112 711 2195 haletum
735 2109 909 2210 piscatio,
935 2129 994 2195 ara

132 2235 206 2310 que
230 2211 456 2289 Grbnlandia
483 2210 717 2296 Orientalis3
754 2233 837 2282 nam
877 2204 996 2283 Occi·'

133 2309 316 2383 dentalem
339 2313 573 2409 lrequentant
603 2309 721 2393 Dani,
755 2306 892 2406 Angli,
921 2309 992 2383 Ba·

132 2411 240 2522 tavi,
282 2408 410 2511 Galli,
450 2405 584 2513 aliique
603 2405 801 2506 ,capiendis
834 2404 994 2510 piscibus·

131 2509 274 2583 intenti.
343 2514 346 2519 ’
985 2518 989 2531 “

204 2648 361 2729 Daniar'n
386 2651 522 2752 excipit
543 2651 690 2742 Suecia,
716 2675 796 2752 quae
811 2651 880 2743 'sex
903 2673 989 2748 pro·

130 2752 270 2829 vincias
307 2773 478 2825 numerat
504 2770 530 2824 a·
569 2753 764 2828 Sueoniam
810 2750 869 2824 seu
901 2752 986 2824 Sue·

130 2855 241 2935 ciam,
266 2848 553 2940 Gorhlandiam,
579 2850 844 2937 Nortlandiam,
861 2850 898 2922 in
913 2870 996 2946 qua*

128 2949 344 3048 hipponia,
377 2950 538 3026 Finniam
553 3001 566 3040 ,
612 2952 769 3050 Ingriam
806 2950 844 3024 ὅ(
874 2947 985 3022 Livo-

128 3049 238 3137 niam.
292 3048 479 3125 Peninsula
507 3052 620 3127 totius
645 3041 986 3133 Sueciaexnotissima

129 3147 180 3226 est
203 3147 381 3259 Schonia,
407 3149 496 3225 olim
521 3149 675 3225 Scandia
689 3198 702 3238 ‚
732 3172 753 3225 e
780 3146 854 3248 qua
878 3145 995 3263 velut¹

689 3264 693 3273 ·
870 3269 982 3346 agmr·
