<?xml version="1.0" encoding="UTF-8"?>
<!DOCTYPE html PUBLIC "-//W3C//DTD XHTML 1.0 Transitional//EN"
    "http://www.w3.org/TR/xhtml1/DTD/xhtml1-transitional.dtd">
<html xmlns="http://www.w3.org/1999/xhtml" xml:lang="en" lang="en">
 <head>
  <title>
</title>
<meta http-equiv="Content-Type" content="text/html;charset=utf-8" />
  <meta name='ocr-system' content='tesseract 3.04.00' />
  <meta name='ocr-capabilities' content='ocr_page ocr_carea ocr_par ocr_line ocrx_word'/>
</head>
<body>
  <div class='ocr_page' id='page_1' title='image "./bibliothecadome02manngoog_0337.png"; bbox 0 0 2086 3682; ppageno 0'>
   <div class='ocr_carea' id='block_1_1' title="bbox 113 95 757 238">
    <p class='ocr_par' dir='ltr' id='par_1_1' title="bbox 113 95 757 238">
     <span class='ocr_line' id='line_1_1' title="bbox 113 95 757 238; baseline -0.012 -23"><span class='ocrx_word' id='word_1_1' title='bbox 113 129 200 238; x_wconf 78' lang='lat'>296</span> <span class='ocrx_word' id='word_1_2' title='bbox 272 96 276 105; x_wconf 15' lang='lat' dir='ltr'>l</span> <span class='ocrx_word' id='word_1_3' title='bbox 442 117 571 238; x_wconf 77' lang='lat' dir='ltr'>Capul</span> <span class='ocrx_word' id='word_1_4' title='bbox 604 95 684 211; x_wconf 72' lang='lat' dir='ltr'>VJL</span> <span class='ocrx_word' id='word_1_5' title='bbox 750 147 757 155; x_wconf 87' lang='lat'><em>·</em></span> 
     </span>
    </p>
   </div>
   <div class='ocr_carea' id='block_1_2' title="bbox 108 244 965 498">
    <p class='ocr_par' dir='ltr' id='par_1_2' title="bbox 108 244 965 498">
     <span class='ocr_line' id='line_1_2' title="bbox 108 244 965 383; baseline -0.004 -22"><span class='ocrx_word' id='word_1_6' title='bbox 108 294 111 299; x_wconf 86' lang='grc'><strong>’</strong></span> <span class='ocrx_word' id='word_1_7' title='bbox 188 286 273 360; x_wconf 91' lang='lat' dir='ltr'>Hoc</span> <span class='ocrx_word' id='word_1_8' title='bbox 293 281 388 358; x_wconf 63' lang='lat' dir='ltr'>folio</span> <span class='ocrx_word' id='word_1_9' title='bbox 415 285 590 383; x_wconf 83' lang='lat' dir='ltr'>adparatu</span> <span class='ocrx_word' id='word_1_10' title='bbox 614 307 716 380; x_wconf 83' lang='lat' dir='ltr'>aeqne</span> <span class='ocrx_word' id='word_1_11' title='bbox 744 244 892 381; x_wconf 78' lang='lat' dir='ltr'>parabili</span> <span class='ocrx_word' id='word_1_12' title='bbox 919 308 965 358; x_wconf 87' lang='lat' dir='ltr'>ac</span> 
     </span>
     <span class='ocr_line' id='line_1_3' title="bbox 112 382 963 498; baseline -0.004 -37"><span class='ocrx_word' id='word_1_13' title='bbox 112 384 313 498; x_wconf 35' lang='lat' dir='ltr'>exiguo-ad</span> <span class='ocrx_word' id='word_1_14' title='bbox 329 383 442 482; x_wconf 87' lang='lat' dir='ltr'>ipsum</span> <span class='ocrx_word' id='word_1_15' title='bbox 456 407 550 496; x_wconf 84' lang='lat' dir='ltr'>opus</span> <span class='ocrx_word' id='word_1_16' title='bbox 575 408 618 471; x_wconf 87' lang='lat' dir='ltr'>ac</span> <span class='ocrx_word' id='word_1_17' title='bbox 639 383 764 483; x_wconf 84' lang='lat' dir='ltr'>praxin</span> <span class='ocrx_word' id='word_1_18' title='bbox 779 382 963 457; x_wconf 87' lang='lat' dir='ltr'>delinean-</span> 
     </span>
    </p>
   </div>
   <div class='ocr_carea' id='block_1_3' title="bbox 1 482 992 3333">
    <p class='ocr_par' dir='ltr' id='par_1_3' title="bbox 1 482 992 3333">
     <span class='ocr_line' id='line_1_4' title="bbox 108 482 964 581; baseline -0.004 -24"><span class='ocrx_word' id='word_1_19' title='bbox 108 486 147 558; x_wconf 87' lang='lat' dir='ltr'>di</span> <span class='ocrx_word' id='word_1_20' title='bbox 162 483 643 571; x_wconf 82' lang='lat' dir='ltr'>mummentumacceditur.</span> <span class='ocrx_word' id='word_1_21' title='bbox 662 518 665 525; x_wconf 41' lang='lat'>¹</span> <span class='ocrx_word' id='word_1_22' title='bbox 690 482 866 579; x_wconf 83' lang='lat' dir='ltr'>Equidem</span> <span class='ocrx_word' id='word_1_23' title='bbox 882 505 964 581; x_wconf 78' lang='lat' dir='ltr'>mu-</span> 
     </span>
     <span class='ocr_line' id='line_1_5' title="bbox 47 580 961 679; baseline -0.01 -15"><span class='ocrx_word' id='word_1_24' title='bbox 47 648 52 664; x_wconf 79' lang='grc'><em>,</em></span> <span class='ocrx_word' id='word_1_25' title='bbox 110 584 233 658; x_wconf 87' lang='lat' dir='ltr'>niendi</span> <span class='ocrx_word' id='word_1_26' title='bbox 261 581 458 655; x_wconf 85' lang='lat' dir='ltr'>methodus</span> <span class='ocrx_word' id='word_1_27' title='bbox 484 580 673 679; x_wconf 86' lang='lat' dir='ltr'>multiplex</span> <span class='ocrx_word' id='word_1_28' title='bbox 702 580 849 675; x_wconf 84' lang='lat' dir='ltr'>diversrs</span> <span class='ocrx_word' id='word_1_29' title='bbox 870 601 961 655; x_wconf 89' lang='lat' dir='ltr'>tem·</span> 
     </span>
     <span class='ocr_line' id='line_1_6' title="bbox 138 672 962 777; baseline -0.001 -21"><span class='ocrx_word' id='word_1_30' title='bbox 138 684 259 757; x_wconf 86' lang='lat' dir='ltr'>oribus</span> <span class='ocrx_word' id='word_1_31' title='bbox 281 678 370 765; x_wconf 84' lang='lat' dir='ltr'>fuit,</span> <span class='ocrx_word' id='word_1_32' title='bbox 398 672 507 754; x_wconf 83' lang='lat' dir='ltr'>hodie</span> <span class='ocrx_word' id='word_1_33' title='bbox 527 700 651 754; x_wconf 87' lang='lat' dir='ltr'>autem</span> <span class='ocrx_word' id='word_1_34' title='bbox 673 681 710 753; x_wconf 93' lang='lat' dir='ltr'>in</span> <span class='ocrx_word' id='word_1_35' title='bbox 729 682 875 777; x_wconf 86' lang='lat' dir='ltr'>Europa</span> <span class='ocrx_word' id='word_1_36' title='bbox 894 704 962 756; x_wconf 60' lang='lat' dir='ltr'>noa</span> 
     </span>
     <span class='ocr_line' id='line_1_7' title="bbox 107 705 992 881; baseline -0.006 -24"><span class='ocrx_word' id='word_1_37' title='bbox 107 705 177 857; x_wconf 61' lang='lat' dir='ltr'>lta</span> <span class='ocrx_word' id='word_1_38' title='bbox 190 780 305 854; x_wconf 89' lang='lat' dir='ltr'>ferme</span> <span class='ocrx_word' id='word_1_39' title='bbox 318 777 453 877; x_wconf 86' lang='lat' dir='ltr'>duplex</span> <span class='ocrx_word' id='word_1_40' title='bbox 472 777 536 866; x_wconf 85' lang='lat' dir='ltr'>est,</span> <span class='ocrx_word' id='word_1_41' title='bbox 563 776 708 881; x_wconf 78' lang='lat' dir='ltr'><em>Belgica</em></span> <span class='ocrx_word' id='word_1_42' title='bbox 733 779 770 852; x_wconf 80' lang='grc' dir='ltr'>δι</span> <span class='ocrx_word' id='word_1_43' title='bbox 801 775 961 869; x_wconf 65' lang='lat' dir='ltr'>danica,-</span> <span class='ocrx_word' id='word_1_44' title='bbox 986 786 992 799; x_wconf 76' lang='grc'><em>“</em></span> 
     </span>
     <span class='ocr_line' id='line_1_8' title="bbox 39 879 960 978; baseline -0.002 -24"><span class='ocrx_word' id='word_1_45' title='bbox 39 954 44 963; x_wconf 86' lang='grc'><strong>,</strong></span> <span class='ocrx_word' id='word_1_46' title='bbox 107 881 262 978; x_wconf 72' lang='lat' dir='ltr'>adquae</span> <span class='ocrx_word' id='word_1_47' title='bbox 283 879 432 976; x_wconf 86' lang='lat' dir='ltr'>reliquae</span> <span class='ocrx_word' id='word_1_48' title='bbox 453 900 607 963; x_wconf 87' lang='lat' dir='ltr'>omnes,</span> <span class='ocrx_word' id='word_1_49' title='bbox 633 901 715 976; x_wconf 86' lang='lat' dir='ltr'>quae</span> <span class='ocrx_word' id='word_1_50' title='bbox 735 902 757 951; x_wconf 93' lang='lat' dir='ltr'>a</span> <span class='ocrx_word' id='word_1_51' title='bbox 775 879 885 952; x_wconf 87' lang='lat' dir='ltr'>variis</span> <span class='ocrx_word' id='word_1_52' title='bbox 908 882 960 960; x_wconf 85' lang='lat' dir='ltr'>in·</span> 
     </span>
     <span class='ocr_line' id='line_1_9' title="bbox 106 975 959 1079; baseline 0.001 -27"><span class='ocrx_word' id='word_1_53' title='bbox 106 981 247 1079; x_wconf 78' lang='lat' dir='ltr'>geniis,</span> <span class='ocrx_word' id='word_1_54' title='bbox 280 979 504 1076; x_wconf 71' lang='lat' dir='ltr'>neutiquam¹</span> <span class='ocrx_word' id='word_1_55' title='bbox 523 978 630 1051; x_wconf 89' lang='lat' dir='ltr'>laude</span> <span class='ocrx_word' id='word_1_56' title='bbox 652 975 717 1050; x_wconf 83' lang='lat' dir='ltr'>-sua</span> <span class='ocrx_word' id='word_1_57' title='bbox 744 977 959 1074; x_wconf 80' lang='lat' dir='ltr'><strong>privandis,</strong></span> 
     </span>
     <span class='ocr_line' id='line_1_10' title="bbox 107 1074 961 1175; baseline 0 -24"><span class='ocrx_word' id='word_1_58' title='bbox 107 1079 207 1151; x_wconf 87' lang='lat' dir='ltr'>varie</span> <span class='ocrx_word' id='word_1_59' title='bbox 224 1075 304 1152; x_wconf 82' lang='lat' dir='ltr'>sunt</span> <span class='ocrx_word' id='word_1_60' title='bbox 317 1078 561 1175; x_wconf 73' lang='lat' dir='ltr'>excogitatae,</span> <span class='ocrx_word' id='word_1_61' title='bbox 585 1100 639 1150; x_wconf 83' lang='lat' dir='ltr'>ac·</span> <span class='ocrx_word' id='word_1_62' title='bbox 649 1076 686 1151; x_wconf 91' lang='lat' dir='ltr'>in</span> <span class='ocrx_word' id='word_1_63' title='bbox 705 1074 961 1175; x_wconf 75' lang='lat' dir='ltr'>publicam&#39;lu·</span> 
     </span>
     <span class='ocr_line' id='line_1_11' title="bbox 104 1170 959 1260; baseline 0.002 -11"><span class='ocrx_word' id='word_1_64' title='bbox 104 1197 185 1250; x_wconf 88' lang='lat' dir='ltr'>cern</span> <span class='ocrx_word' id='word_1_65' title='bbox 201 1170 442 1249; x_wconf 71' lang='lat' dir='ltr'>eruditisslmis</span> <span class='ocrx_word' id='word_1_66' title='bbox 458 1175 556 1248; x_wconf 92' lang='lat' dir='ltr'>libris</span> <span class='ocrx_word' id='word_1_67' title='bbox 570 1177 690 1260; x_wconf 76' lang='lat' dir='ltr'>edita,</span> <span class='ocrx_word' id='word_1_68' title='bbox 704 1175 831 1248; x_wconf 85' lang='lat' dir='ltr'>reduci</span> <span class='ocrx_word' id='word_1_69' title='bbox 851 1173 959 1252; x_wconf 83' lang='lat' dir='ltr'>facile</span> 
     </span>
     <span class='ocr_line' id='line_1_12' title="bbox 99 1274 958 1377; baseline 0.002 -30"><span class='ocrx_word' id='word_1_70' title='bbox 99 1274 257 1377; x_wconf 77' lang='lat' dir='ltr'>polsuno</span> <span class='ocrx_word' id='word_1_71' title='bbox 319 1275 567 1349; x_wconf 77' lang='lat' dir='ltr'>Fundamenta</span> <span class='ocrx_word' id='word_1_72' title='bbox 593 1274 773 1372; x_wconf 86' lang='lat' dir='ltr'>plerisque</span> <span class='ocrx_word' id='word_1_73' title='bbox 800 1276 958 1364; x_wconf 83' lang='lat' dir='ltr'>eadem,</span> 
     </span>
     <span class='ocr_line' id='line_1_13' title="bbox 101 1371 957 1472; baseline 0.006 -28"><span class='ocrx_word' id='word_1_74' title='bbox 101 1371 241 1447; x_wconf 87' lang='lat' dir='ltr'>diversa</span> <span class='ocrx_word' id='word_1_75' title='bbox 255 1392 379 1446; x_wconf 90' lang='lat' dir='ltr'>tamen</span> <span class='ocrx_word' id='word_1_76' title='bbox 393 1372 559 1447; x_wconf 85' lang='lat' dir='ltr'>mensura</span> <span class='ocrx_word' id='word_1_77' title='bbox 578 1374 617 1448; x_wconf 75' lang='grc' dir='ltr'>ὅ(</span> <span class='ocrx_word' id='word_1_78' title='bbox 631 1377 788 1471; x_wconf 87' lang='lat' dir='ltr'>partium</span> <span class='ocrx_word' id='word_1_79' title='bbox 805 1397 957 1472; x_wconf 88' lang='lat' dir='ltr'>propor-</span> 
     </span>
     <span class='ocr_line' id='line_1_14' title="bbox 100 1469 956 1571; baseline 0.005 -27"><span class='ocrx_word' id='word_1_80' title='bbox 100 1471 182 1559; x_wconf 87' lang='lat' dir='ltr'>tio;</span> <span class='ocrx_word' id='word_1_81' title='bbox 210 1472 299 1571; x_wconf 70' lang='lat' dir='ltr'>serpe</span> <span class='ocrx_word' id='word_1_82' title='bbox 319 1469 458 1545; x_wconf 83' lang='lat' dir='ltr'>diversa</span> <span class='ocrx_word' id='word_1_83' title='bbox 479 1494 628 1571; x_wconf 87' lang='lat' dir='ltr'>quoquc</span> <span class='ocrx_word' id='word_1_84' title='bbox 652 1494 804 1570; x_wconf 86' lang='lat' dir='ltr'>operum</span> <span class='ocrx_word' id='word_1_85' title='bbox 827 1470 956 1569; x_wconf 84' lang='lat' dir='ltr'>figura.</span> 
     </span>
     <span class='ocr_line' id='line_1_15' title="bbox 97 1569 960 1670; baseline -0.006 -26"><span class='ocrx_word' id='word_1_86' title='bbox 97 1569 232 1644; x_wconf 88' lang='lat' dir='ltr'>Differt</span> <span class='ocrx_word' id='word_1_87' title='bbox 250 1593 374 1646; x_wconf 82' lang='lat' dir='ltr'>autem</span> <span class='ocrx_word' id='word_1_88' title='bbox 408 1569 552 1670; x_wconf 88' lang='lat' dir='ltr'>Belgica</span> <span class='ocrx_word' id='word_1_89' title='bbox 581 1573 762 1669; x_wconf 72' lang='lat' dir='ltr'>praecipue</span> <span class='ocrx_word' id='word_1_90' title='bbox 796 1596 815 1643; x_wconf 89' lang='lat' dir='ltr'>a</span> <span class='ocrx_word' id='word_1_91' title='bbox 839 1572 960 1647; x_wconf 82' lang='lat' dir='ltr'>Galli..</span> 
     </span>
     <span class='ocr_line' id='line_1_16' title="bbox 99 1668 955 1785; baseline 0.006 -43"><span class='ocrx_word' id='word_1_92' title='bbox 99 1692 173 1757; x_wconf 85' lang='lat' dir='ltr'>ca,</span> <span class='ocrx_word' id='word_1_93' title='bbox 209 1672 308 1770; x_wconf 89' lang='lat' dir='ltr'>quod</span> <span class='ocrx_word' id='word_1_94' title='bbox 339 1670 400 1745; x_wconf 87' lang='lat' dir='ltr'>illa</span> <span class='ocrx_word' id='word_1_95' title='bbox 435 1668 540 1743; x_wconf 88' lang='lat' dir='ltr'>lineis</span> <span class='ocrx_word' id='word_1_96' title='bbox 575 1670 621 1744; x_wconf 92' lang='lat' dir='ltr'>ad</span> <span class='ocrx_word' id='word_1_97' title='bbox 652 1670 955 1785; x_wconf 79' lang='lat' dir='ltr'>perpendiculum</span> 
     </span>
     <span class='ocr_line' id='line_1_17' title="bbox 98 1766 992 1869; baseline -0.006 -30"><span class='ocrx_word' id='word_1_98' title='bbox 98 1766 242 1856; x_wconf 68' lang='lat' dir='ltr'>duilio,</span> <span class='ocrx_word' id='word_1_99' title='bbox 272 1771 351 1844; x_wconf 75' lang='lat' dir='ltr'>haec</span> <span class='ocrx_word' id='word_1_100' title='bbox 375 1776 466 1861; x_wconf 70' lang='lat' dir='ltr'>vero</span> <span class='ocrx_word' id='word_1_101' title='bbox 493 1767 595 1842; x_wconf 87' lang='lat' dir='ltr'>lineis</span> <span class='ocrx_word' id='word_1_102' title='bbox 622 1791 744 1842; x_wconf 87' lang='lat' dir='ltr'>curvrs</span> <span class='ocrx_word' id='word_1_103' title='bbox 776 1769 955 1869; x_wconf 76' lang='lat' dir='ltr'>druogo.</span> <span class='ocrx_word' id='word_1_104' title='bbox 987 1796 992 1807; x_wconf 75' lang='lat'>=</span> 
     </span>
     <span class='ocr_line' id='line_1_18' title="bbox 22 1864 954 1957; baseline 0.004 -17"><span class='ocrx_word' id='word_1_105' title='bbox 22 1864 954 1957; x_wconf 49' lang='lat' dir='ltr'>xlr&#39;sareclo‘defleelentilntsinalis&amp;fa·</span> 
     </span>
     <span class='ocr_line' id='line_1_19' title="bbox 96 1952 953 2065; baseline 0.002 -25"><span class='ocrx_word' id='word_1_106' title='bbox 96 1967 223 2040; x_wconf 85' lang='lat' dir='ltr'>ciebus</span> <span class='ocrx_word' id='word_1_107' title='bbox 255 1952 340 2040; x_wconf 62' lang='lat' dir='ltr'>‹tlrm</span> <span class='ocrx_word' id='word_1_108' title='bbox 376 1966 642 2065; x_wconf 80' lang='lat' dir='ltr'>propugnaculi</span> <span class='ocrx_word' id='word_1_109' title='bbox 680 1987 761 2041; x_wconf 92' lang='lat' dir='ltr'>tum</span> <span class='ocrx_word' id='word_1_110' title='bbox 798 1990 953 2064; x_wconf 90' lang='lat' dir='ltr'>operum</span> 
     </span>
     <span class='ocr_line' id='line_1_20' title="bbox 91 2064 952 2165; baseline 0.005 -27"><span class='ocrx_word' id='word_1_111' title='bbox 91 2064 250 2151; x_wconf 53' lang='lat' dir='ltr'>*aliorum</span> <span class='ocrx_word' id='word_1_112' title='bbox 289 2065 537 2141; x_wconf 86' lang='lat' dir='ltr'>construendis</span> <span class='ocrx_word' id='word_1_113' title='bbox 576 2086 715 2141; x_wconf 83' lang='lat' dir='ltr'>utatur.</span> <span class='ocrx_word' id='word_1_114' title='bbox 799 2065 952 2165; x_wconf 78' lang='lat' dir='ltr'>Belgicae</span> 
     </span>
     <span class='ocr_line' id='line_1_21' title="bbox 86 2165 957 2264; baseline 0.003 -27"><span class='ocrx_word' id='word_1_115' title='bbox 86 2167 309 2241; x_wconf 82' lang='lat' dir='ltr'>munitionis</span> <span class='ocrx_word' id='word_1_116' title='bbox 343 2165 623 2264; x_wconf 85' lang='lat' dir='ltr'>descriptionem</span> <span class='ocrx_word' id='word_1_117' title='bbox 661 2165 826 2238; x_wconf 88' lang='lat' dir='ltr'>omniurn</span> <span class='ocrx_word' id='word_1_118' title='bbox 863 2178 957 2240; x_wconf 85' lang='lat' dir='ltr'>con·&#39;</span> 
     </span>
     <span class='ocr_line' id='line_1_22' title="bbox 1 2262 950 2363; baseline 0.002 -27"><span class='ocrx_word' id='word_1_119' title='bbox 1 2309 4 2331; x_wconf 51' lang='grc' dir='ltr'><em>ι</em></span> <span class='ocrx_word' id='word_1_120' title='bbox 93 2262 194 2338; x_wconf 86' lang='lat' dir='ltr'>sensu</span> <span class='ocrx_word' id='word_1_121' title='bbox 232 2267 410 2363; x_wconf 87' lang='lat' dir='ltr'>optimam</span> <span class='ocrx_word' id='word_1_122' title='bbox 453 2266 581 2339; x_wconf 88' lang='lat' dir='ltr'>docuit</span> <span class='ocrx_word' id='word_1_123' title='bbox 615 2264 782 2337; x_wconf 78' lang='lat' dir='ltr'>¹Adamus</span> <span class='ocrx_word' id='word_1_124' title='bbox 815 2265 950 2338; x_wconf 84' lang='lat' dir='ltr'>Freira·</span> 
     </span>
     <span class='ocr_line' id='line_1_23' title="bbox 92 2359 949 2464; baseline 0.005 -30"><span class='ocrx_word' id='word_1_125' title='bbox 92 2363 189 2460; x_wconf 86' lang='lat' dir='ltr'>gius,</span> <span class='ocrx_word' id='word_1_126' title='bbox 216 2363 320 2458; x_wconf 86' lang='lat' dir='ltr'>cujus</span> <span class='ocrx_word' id='word_1_127' title='bbox 344 2360 598 2451; x_wconf 70' lang='lat' dir='ltr'>Architcllura</span> <span class='ocrx_word' id='word_1_128' title='bbox 613 2359 790 2459; x_wconf 84' lang='lat' dir='ltr'>Militaris</span> <span class='ocrx_word' id='word_1_129' title='bbox 816 2362 949 2464; x_wconf 85' lang='lat' dir='ltr'>gallico</span> 
     </span>
     <span class='ocr_line' id='line_1_24' title="bbox 93 2459 949 2560; baseline 0.005 -26"><span class='ocrx_word' id='word_1_130' title='bbox 93 2462 133 2534; x_wconf 77' lang='lat' dir='ltr'>dr</span> <span class='ocrx_word' id='word_1_131' title='bbox 166 2464 376 2560; x_wconf 85' lang='lat' dir='ltr'>germanico</span> <span class='ocrx_word' id='word_1_132' title='bbox 414 2464 590 2539; x_wconf 88' lang='lat' dir='ltr'>idiomate</span> <span class='ocrx_word' id='word_1_133' title='bbox 633 2461 671 2533; x_wconf 92' lang='lat' dir='ltr'>in</span> <span class='ocrx_word' id='word_1_134' title='bbox 703 2459 823 2533; x_wconf 88' lang='lat' dir='ltr'>lucem</span> <span class='ocrx_word' id='word_1_135' title='bbox 861 2465 949 2538; x_wconf 77' lang='lat' dir='ltr'>dota</span> 
     </span>
     <span class='ocr_line' id='line_1_25' title="bbox 88 2555 943 2660; baseline 0.007 -29"><span class='ocrx_word' id='word_1_136' title='bbox 88 2555 172 2632; x_wconf 83' lang='lat' dir='ltr'>fuit.</span> <span class='ocrx_word' id='word_1_137' title='bbox 234 2562 377 2637; x_wconf 87' lang='lat' dir='ltr'>Verum</span> <span class='ocrx_word' id='word_1_138' title='bbox 400 2562 503 2635; x_wconf 87' lang='lat' dir='ltr'>varia</span> <span class='ocrx_word' id='word_1_139' title='bbox 530 2560 568 2631; x_wconf 90' lang='lat' dir='ltr'>in</span> <span class='ocrx_word' id='word_1_140' title='bbox 593 2559 771 2633; x_wconf 89' lang='lat' dir='ltr'>methodo</span> <span class='ocrx_word' id='word_1_141' title='bbox 796 2558 943 2660; x_wconf 81' lang='lat' dir='ltr'>Belgica</span> 
     </span>
     <span class='ocr_line' id='line_1_26' title="bbox 90 2656 950 2757; baseline 0.008 -27"><span class='ocrx_word' id='word_1_142' title='bbox 90 2658 232 2733; x_wconf 81' lang='lat' dir='ltr'>detexit</span> <span class='ocrx_word' id='word_1_143' title='bbox 257 2662 349 2736; x_wconf 84' lang='lat' dir='ltr'>viria</span> <span class='ocrx_word' id='word_1_144' title='bbox 374 2660 513 2733; x_wconf 85' lang='lat' dir='ltr'>Comes</span> <span class='ocrx_word' id='word_1_145' title='bbox 536 2658 583 2732; x_wconf 92' lang='lat' dir='ltr'>de</span> <span class='ocrx_word' id='word_1_146' title='bbox 609 2658 730 2757; x_wconf 88' lang='lat' dir='ltr'>Pagan</span> <span class='ocrx_word' id='word_1_147' title='bbox 755 2656 950 2746; x_wconf 87' lang='lat' dir='ltr'>Gallus‚&amp;</span> 
     </span>
     <span class='ocr_line' id='line_1_27' title="bbox 7 2756 951 2857; baseline 0.003 -27"><span class='ocrx_word' id='word_1_148' title='bbox 7 2830 13 2841; x_wconf 82' lang='grc'><strong><em>,</em></strong></span> <span class='ocrx_word' id='word_1_149' title='bbox 89 2756 187 2831; x_wconf 88' lang='lat' dir='ltr'>inter</span> <span class='ocrx_word' id='word_1_150' title='bbox 212 2760 350 2854; x_wconf 82' lang='lat' dir='ltr'>primos</span> <span class='ocrx_word' id='word_1_151' title='bbox 373 2780 416 2831; x_wconf 80' lang='lat' dir='ltr'>ea</span> <span class='ocrx_word' id='word_1_152' title='bbox 438 2757 634 2832; x_wconf 83' lang='lat' dir='ltr'>emendare</span> <span class='ocrx_word' id='word_1_153' title='bbox 659 2758 787 2855; x_wconf 84' lang='lat' dir='ltr'>coepit,</span> <span class='ocrx_word' id='word_1_154' title='bbox 814 2780 951 2857; x_wconf 52' lang='lat' dir='ltr'>quamq</span> 
     </span>
     <span class='ocr_line' id='line_1_28' title="bbox 88 2852 948 2941; baseline 0.006 -13"><span class='ocrx_word' id='word_1_155' title='bbox 88 2857 147 2928; x_wconf 84' lang='lat' dir='ltr'>vis</span> <span class='ocrx_word' id='word_1_156' title='bbox 172 2852 362 2932; x_wconf 87' lang='lat' dir='ltr'>fatendum</span> <span class='ocrx_word' id='word_1_157' title='bbox 387 2854 442 2941; x_wconf 85' lang='lat' dir='ltr'>fit,</span> <span class='ocrx_word' id='word_1_158' title='bbox 466 2857 690 2930; x_wconf 83' lang='lat' dir='ltr'>recentiores</span> <span class='ocrx_word' id='word_1_159' title='bbox 714 2854 948 2933; x_wconf 72' lang='lat' dir='ltr'>Architedlos</span> 
     </span>
     <span class='ocr_line' id='line_1_29' title="bbox 85 2949 966 3056; baseline -0.006 -30"><span class='ocrx_word' id='word_1_160' title='bbox 85 2952 221 3041; x_wconf 86' lang='lat' dir='ltr'>multa,</span> <span class='ocrx_word' id='word_1_161' title='bbox 264 2977 345 3053; x_wconf 71' lang='lat' dir='ltr'>que</span> <span class='ocrx_word' id='word_1_162' title='bbox 364 2949 643 3052; x_wconf 80' lang='lat' dir='ltr'>&#39;peropportune</span> <span class='ocrx_word' id='word_1_163' title='bbox 666 2957 739 3027; x_wconf 92' lang='lat' dir='ltr'>hoc</span> <span class='ocrx_word' id='word_1_164' title='bbox 769 2956 805 3026; x_wconf 89' lang='lat' dir='ltr'>in</span> <span class='ocrx_word' id='word_1_165' title='bbox 832 2980 966 3056; x_wconf 76' lang='lat' dir='ltr'>nego.</span> 
     </span>
     <span class='ocr_line' id='line_1_30' title="bbox 89 3051 947 3152; baseline 0.008 -28"><span class='ocrx_word' id='word_1_166' title='bbox 89 3052 143 3126; x_wconf 89' lang='lat' dir='ltr'>tio</span> <span class='ocrx_word' id='word_1_167' title='bbox 170 3080 191 3128; x_wconf 87' lang='lat' dir='ltr'>a</span> <span class='ocrx_word' id='word_1_168' title='bbox 214 3052 333 3152; x_wconf 85' lang='lat' dir='ltr'>Belgis</span> <span class='ocrx_word' id='word_1_169' title='bbox 358 3051 526 3127; x_wconf 86' lang='lat' dir='ltr'>ordinata</span> <span class='ocrx_word' id='word_1_170' title='bbox 552 3052 652 3138; x_wconf 86' lang='lat' dir='ltr'>sunt,</span> <span class='ocrx_word' id='word_1_171' title='bbox 689 3052 799 3126; x_wconf 89' lang='lat' dir='ltr'>hodie</span> <span class='ocrx_word' id='word_1_172' title='bbox 822 3057 947 3130; x_wconf 89' lang='lat' dir='ltr'>adhuc</span> 
     </span>
     <span class='ocr_line' id='line_1_31' title="bbox 90 3149 982 3253; baseline 0.001 -24"><span class='ocrx_word' id='word_1_173' title='bbox 90 3149 346 3253; x_wconf 74' lang='lat' dir='ltr'>observareac</span> <span class='ocrx_word' id='word_1_174' title='bbox 360 3152 508 3241; x_wconf 83' lang='lat' dir='ltr'>imitari,</span> <span class='ocrx_word' id='word_1_175' title='bbox 533 3153 667 3228; x_wconf 81' lang='lat' dir='ltr'>additis</span> <span class='ocrx_word' id='word_1_176' title='bbox 691 3150 945 3253; x_wconf 76' lang='lat' dir='ltr'>quoquemul</span> <span class='ocrx_word' id='word_1_177' title='bbox 975 3210 982 3219; x_wconf 76' lang='grc'>.</span> 
     </span>
     <span class='ocr_line' id='line_1_32' title="bbox 120 3275 945 3333; baseline 0.006 -5"><span class='ocrx_word' id='word_1_178' title='bbox 120 3284 127 3289; x_wconf 95' lang='grc'><strong><em>·</em></strong></span> <span class='ocrx_word' id='word_1_179' title='bbox 245 3277 263 3301; x_wconf 38' lang='lat' dir='ltr'>r</span> <span class='ocrx_word' id='word_1_180' title='bbox 893 3275 945 3333; x_wconf 78' lang='lat' dir='ltr'>trs</span> 
     </span>
    </p>
   </div>
   <div class='ocr_carea' id='block_1_4' title="bbox 0 0 1048 3682">
    <p class='ocr_par' dir='ltr' id='par_1_4' title="bbox 0 0 1048 3682">
     <span class='ocr_line' id='line_1_33' title="bbox 0 0 1048 3682; baseline 0 5"><span class='ocrx_word' id='word_1_181' title='bbox 0 0 1048 3682; x_wconf 95' lang='lat' dir='ltr'> </span> 
     </span>
    </p>
   </div>
  </div>
 </body>
</html>
