2086 3682
223 156 355 249 lona
368 157 584 271 morborum
590 185 744 273 genera.
856 186 941 277 217

87 324 179 399 Haec
206 320 320 397 alteru
337 323 651 420 hydropisspecies
667 322 813 421 seutym
841 326 947 399 anitit

89 438 219 495 curatu
234 418 442 495 difficillima
460 420 522 507 est,
532 423 568 495 ὅ(
582 421 796 521 plerumque
810 345 943 510 Eratis,

89 541 202 619 quum
220 523 299 615 ejus
313 521 414 595 initia
431 523 494 594 vix
513 519 808 605 advertantun&
826 521 942 598 subito

88 619 280 706 accrescat,
308 618 447 718 stetque
474 642 546 718 prae
571 618 709 717 foribus¹
734 618 859 709 hostis,
874 621 944 698 nec

88 719 127 792 tri
151 742 220 793 nec
245 739 323 792 arte
345 717 592 816 depellendus.

156 844 470 968 Hypochondriacn
493 849 631 944 affrtiio
660 849 710 925 est
747 853 896 926 morbus
919 878 941 930 e

88 946 248 1025 colluvre
265 948 479 1026 vitiosorum
505 953 705 1024 humorum
725 949 763 1027 in
776 952 943 1052 partibus

88 1050 275 1149 primaeec
290 1047 452 1124 secundae
479 1047 634 1123 coctioni
659 1047 942 1141 famulantibus,

89 1148 128 1221 &
145 1170 190 1222 ex
208 1148 406 1243 depravata
422 1172 486 1246 per
506 1149 648 1222 acidum
670 1147 755 1231 craft
766 1151 943 1226 meseum·-

88 1248 130 1320 rii
147 1245 342 1346 profecius.
392 1247 536 1321 Partem
551 1245 717 1322 affectam
745 1236 818 1324 hoc
843 1250 940 1325 malo

89 1346 148 1420 alii
166 1349 320 1422 credunt
341 1343 411 1420 eise
424 1344 572 1435 lienem,
590 1346 648 1421 alii
663 1345 938 1437 ntesenterium,

87 1465 220 1561 utpote
235 1443 382 1545 {fontem
409 1442 657 1521 sexcentarum
675 1442 939 1537 erumnarum,

89 1543 148 1618 alit
166 1565 357 1620 omentum
378 1544 531 1643 ejusque
552 1564 701 1632 cavum,
724 1544 782 1619 alii
804 1550 940 1639 ventri·

88 1642 212 1729 culum
228 1645 464 1745 &pancrean
504 1643 941 1747 liiudcertius‚quodva·

87 1743 162 1817 rios
186 1741 247 1818 vel
270 1743 433 1818 imitetur
464 1742 524 1818 vel
553 1743 752 1817 mentiatur
769 1746 942 1831 morbos,

90 1844 400 1935 quemadmodum
425 1845 647 1942 experientia
676 1845 809 1932 docet,
839 1845 940 1945 quod

88 1939 153 2033 qui
169 1934 248 2008 sunt
264 1936 351 2009 huic
371 1938 531 2025 obnoxii,
548 1962 648 2011 nunc
660 1943 766 2027 hanc,
783 1965 882 2016 nunc
899 1943 941 2016 il·
968 1968 970 1973 ·
1027 1988 1030 2007 ι

88 2035 176 2120 lam,
190 2057 289 2109 nuuc
303 2034 425 2134 piures
443 2034 604 2133 corporis
615 2036 735 2135 partes'
747 2054 858 2139 aegras
870 2040 940 2115 eise

89 2134 216 2208 multis
234 2149 533 2233 conquerantur,
567 2137 628 2207 vel
642 2134 728 2210 mali
753 2133 788 2211 se
809 2134 940 2213 diffun-

89 2234 222 2322 dentis,
238 2232 299 2307 vel
326 2230 595 2405 imafihtationis
607 2222 693 2308 lae'sae
705 2234 810 2310 vitio.
861 2238 941 2313 Ce-

90 2353 209 2407 terum
234 2328 376 2408 affefflo
429 2352 480 2407 aec
509 2349 553 2406 ut
575 2328 772 2433 plurimum
794 2320 940 2413 lethalis

88 2456 164 2506 non
181 2431 243 2518 est,
253 2433 425 2506 diuturna
437 2448 575 2520 tamen,
587 2454 670 2533 quae
690 2430 841 2511 clientes
856 2433 942 2511 suos'
962 2432 964 2436 ’

87 2520 225 2605 nonnisi
245 2533 306 2604 diu
327 2527 559 2629 multumque
573 2538 745 2617 vexatos‚'
763 2531 802 2608 ἃ
816 2537 946 2610 conio·

87 2628 275 2704 noscentes
294 2630 443 2718 deserit,
460 2627 551 2731 saepe
574 2631 756 2708 etiam-ad
779 2654 939 2711 mortem

88 2727 204 2827 usque
231 2729 440 2807 comitatur.

51 2926 55 2931 -
167 2869 357 2950 Scorbutut
378 2873 430 2952 est
454 2875 572 2950 morbi
590 2898 706 2977 genus
730 2875 943 2969 Hollandis,

87 2971 259 3064 flandris,
281 2974 405 3065 Frifiis,
419 2973 653 3073 Westphalis
670 2972 858 3066 familiare,
873 2979 940 3053 Hi·

88 3070 226 3172 spanis‚
249 3071 387 3158 Gallis,
412 3071 535 3160 Italici,
545 3073 739 3161 Germanis
755 3098 828 3150 non
847 3078 939 3152 adeo

88 3194 234 3262 notum,
243 3175 431 3274 oriturque
442 3170 646 3346 agogume
661 3197 726 3273 pet
738 3197 939 3265 aerumma·

525 3290 547 3365 5
649 3286 652 3291 '
892 3279 940 3352 ti·
