<?xml version="1.0" encoding="UTF-8"?>
<!DOCTYPE html PUBLIC "-//W3C//DTD XHTML 1.0 Transitional//EN"
    "http://www.w3.org/TR/xhtml1/DTD/xhtml1-transitional.dtd">
<html xmlns="http://www.w3.org/1999/xhtml" xml:lang="en" lang="en">
 <head>
  <title>
</title>
<meta http-equiv="Content-Type" content="text/html;charset=utf-8" />
  <meta name='ocr-system' content='tesseract 3.04.00' />
  <meta name='ocr-capabilities' content='ocr_page ocr_carea ocr_par ocr_line ocrx_word'/>
</head>
<body>
  <div class='ocr_page' id='page_1' title='image "./bibliothecadome02manngoog_0419.png"; bbox 0 0 2086 3682; ppageno 0'>
   <div class='ocr_carea' id='block_1_1' title="bbox 132 55 897 243">
    <p class='ocr_par' dir='ltr' id='par_1_1' title="bbox 132 55 897 243">
     <span class='ocr_line' id='line_1_1' title="bbox 132 55 897 243; baseline -0.004 -27"><span class='ocrx_word' id='word_1_1' title='bbox 132 139 218 243; x_wconf 76' lang='lat'>378</span> <span class='ocrx_word' id='word_1_2' title='bbox 298 55 301 61; x_wconf 88' lang='lat'>·</span> <span class='ocrx_word' id='word_1_3' title='bbox 448 108 575 242; x_wconf 77' lang='lat' dir='ltr'>Capris</span> <span class='ocrx_word' id='word_1_4' title='bbox 621 120 721 213; x_wconf 75' lang='lat' dir='ltr'>VH.</span> <span class='ocrx_word' id='word_1_5' title='bbox 822 179 828 189; x_wconf 42' lang='grc' dir='ltr'><em>ι</em></span> <span class='ocrx_word' id='word_1_6' title='bbox 893 162 897 171; x_wconf 93' lang='grc'><em>·</em></span> 
     </span>
    </p>
   </div>
   <div class='ocr_carea' id='block_1_2' title="bbox 30 283 1010 3335">
    <p class='ocr_par' dir='ltr' id='par_1_2' title="bbox 30 283 1010 3335">
     <span class='ocr_line' id='line_1_2' title="bbox 132 283 983 385; baseline -0.004 -22"><span class='ocrx_word' id='word_1_7' title='bbox 132 314 202 363; x_wconf 88' lang='lat' dir='ltr'>nea</span> <span class='ocrx_word' id='word_1_8' title='bbox 221 283 330 371; x_wconf 75' lang='lat' dir='ltr'>reda,</span> <span class='ocrx_word' id='word_1_9' title='bbox 353 307 464 382; x_wconf 85' lang='lat' dir='ltr'>quam</span> <span class='ocrx_word' id='word_1_10' title='bbox 480 312 545 384; x_wconf 87' lang='lat' dir='ltr'>per</span> <span class='ocrx_word' id='word_1_11' title='bbox 564 306 732 361; x_wconf 83' lang='lat' dir='ltr'>centrum</span> <span class='ocrx_word' id='word_1_12' title='bbox 749 303 852 385; x_wconf 83' lang='lat' dir='ltr'>terrae</span> <span class='ocrx_word' id='word_1_13' title='bbox 870 285 916 360; x_wconf 90' lang='lat' dir='ltr'>ad</span> <span class='ocrx_word' id='word_1_14' title='bbox 928 302 983 360; x_wconf 89' lang='lat' dir='ltr'>ut·</span> 
     </span>
     <span class='ocr_line' id='line_1_3' title="bbox 128 385 984 485; baseline 0 -24"><span class='ocrx_word' id='word_1_15' title='bbox 128 409 289 484; x_wconf 80' lang='lat' dir='ltr'>rumque</span> <span class='ocrx_word' id='word_1_16' title='bbox 305 388 432 459; x_wconf 89' lang='lat' dir='ltr'>mundi</span> <span class='ocrx_word' id='word_1_17' title='bbox 447 385 571 485; x_wconf 90' lang='lat' dir='ltr'>polum</span> <span class='ocrx_word' id='word_1_18' title='bbox 587 385 770 463; x_wconf 83' lang='lat' dir='ltr'>extensam</span> <span class='ocrx_word' id='word_1_19' title='bbox 794 386 984 484; x_wconf 83' lang='lat' dir='ltr'>imagin&#39;ari</span> 
     </span>
     <span class='ocr_line' id='line_1_4' title="bbox 41 482 983 585; baseline -0.005 -23"><span class='ocrx_word' id='word_1_20' title='bbox 41 574 43 581; x_wconf 28' lang='grc' dir='ltr'>Ι</span> <span class='ocrx_word' id='word_1_21' title='bbox 87 574 89 579; x_wconf 43' lang='grc'>,</span> <span class='ocrx_word' id='word_1_22' title='bbox 130 482 983 585; x_wconf 62' lang='lat' dir='ltr'>solentAstronomi,&amp;circaquamfideraingya</span> 
     </span>
     <span class='ocr_line' id='line_1_5' title="bbox 131 582 983 685; baseline -0.001 -27"><span class='ocrx_word' id='word_1_23' title='bbox 131 595 215 663; x_wconf 85' lang='lat' dir='ltr'>rum</span> <span class='ocrx_word' id='word_1_24' title='bbox 239 585 375 683; x_wconf 83' lang='lat' dir='ltr'>agitata</span> <span class='ocrx_word' id='word_1_25' title='bbox 390 584 545 659; x_wconf 88' lang='lat' dir='ltr'>circulos</span> <span class='ocrx_word' id='word_1_26' title='bbox 568 583 758 685; x_wconf 85' lang='lat' dir='ltr'>paralellos</span> <span class='ocrx_word' id='word_1_27' title='bbox 783 582 983 658; x_wconf 80' lang='lat' dir='ltr'>describere</span> 
     </span>
     <span class='ocr_line' id='line_1_6' title="bbox 131 682 993 783; baseline 0.003 -31"><span class='ocrx_word' id='word_1_28' title='bbox 131 686 315 766; x_wconf 79' lang='lat' dir='ltr'>videntur,</span> <span class='ocrx_word' id='word_1_29' title='bbox 330 705 375 756; x_wconf 92' lang='lat' dir='ltr'>eo</span> <span class='ocrx_word' id='word_1_30' title='bbox 395 683 567 771; x_wconf 85' lang='lat' dir='ltr'>minores,</span> <span class='ocrx_word' id='word_1_31' title='bbox 584 708 658 782; x_wconf 92' lang='lat' dir='ltr'>quo</span> <span class='ocrx_word' id='word_1_32' title='bbox 675 682 768 783; x_wconf 88' lang='lat' dir='ltr'>polis</span> <span class='ocrx_word' id='word_1_33' title='bbox 786 683 993 767; x_wconf 56' lang='lat' dir='ltr'>viciniores⁴</span> 
     </span>
     <span class='ocr_line' id='line_1_7' title="bbox 131 781 1010 881; baseline -0.005 -22"><span class='ocrx_word' id='word_1_34' title='bbox 131 782 367 878; x_wconf 87' lang='lat' dir='ltr'>fiunt,eoque</span> <span class='ocrx_word' id='word_1_35' title='bbox 380 782 546 872; x_wconf 84' lang='lat' dir='ltr'>majores,</span> <span class='ocrx_word' id='word_1_36' title='bbox 562 804 636 881; x_wconf 88' lang='lat' dir='ltr'>quo</span> <span class='ocrx_word' id='word_1_37' title='bbox 652 785 697 856; x_wconf 86' lang='lat' dir='ltr'>ab</span> <span class='ocrx_word' id='word_1_38' title='bbox 712 781 851 856; x_wconf 77' lang='lat' dir='ltr'>iiesuot</span> <span class='ocrx_word' id='word_1_39' title='bbox 864 802 984 857; x_wconf 84' lang='lat' dir='ltr'>remo·</span> <span class='ocrx_word' id='word_1_40' title='bbox 1004 838 1010 873; x_wconf 75' lang='grc'><em>,</em></span> 
     </span>
     <span class='ocr_line' id='line_1_8' title="bbox 129 878 983 980; baseline -0.001 -24"><span class='ocrx_word' id='word_1_41' title='bbox 129 884 235 965; x_wconf 84' lang='lat' dir='ltr'>tiora.</span> <span class='ocrx_word' id='word_1_42' title='bbox 310 878 450 980; x_wconf 84' lang='lat' dir='ltr'>Regula</span> <span class='ocrx_word' id='word_1_43' title='bbox 485 903 575 956; x_wconf 89' lang='lat' dir='ltr'>vero</span> <span class='ocrx_word' id='word_1_44' title='bbox 609 882 647 954; x_wconf 77' lang='lat' dir='ltr'>dr</span> <span class='ocrx_word' id='word_1_45' title='bbox 672 879 838 955; x_wconf 84' lang='lat' dir='ltr'>mensura</span> <span class='ocrx_word' id='word_1_46' title='bbox 863 879 983 955; x_wconf 80' lang='lat' dir='ltr'>omnir</span> 
     </span>
     <span class='ocr_line' id='line_1_9' title="bbox 128 978 984 1078; baseline -0.004 -23"><span class='ocrx_word' id='word_1_47' title='bbox 128 978 316 1055; x_wconf 81' lang='lat' dir='ltr'>motusesi</span> <span class='ocrx_word' id='word_1_48' title='bbox 323 980 521 1078; x_wconf 86' lang='lat' dir='ltr'>AEquator:</span> <span class='ocrx_word' id='word_1_49' title='bbox 538 980 759 1056; x_wconf 81' lang='lat' dir='ltr'>Meridianus</span> <span class='ocrx_word' id='word_1_50' title='bbox 772 999 895 1061; x_wconf 88' lang='lat' dir='ltr'>autern</span> <span class='ocrx_word' id='word_1_51' title='bbox 908 1001 984 1053; x_wconf 88' lang='lat' dir='ltr'>cer·</span> 
     </span>
     <span class='ocr_line' id='line_1_10' title="bbox 84 1076 982 1179; baseline -0.006 -24"><span class='ocrx_word' id='word_1_52' title='bbox 84 1116 89 1139; x_wconf 75' lang='lat'><em>=</em></span> <span class='ocrx_word' id='word_1_53' title='bbox 122 1098 210 1175; x_wconf 35' lang='lat' dir='ltr'>,turn</span> <span class='ocrx_word' id='word_1_54' title='bbox 229 1076 280 1153; x_wconf 90' lang='lat' dir='ltr'>illi</span> <span class='ocrx_word' id='word_1_55' title='bbox 293 1086 491 1155; x_wconf 82' lang='lat' dir='ltr'>terminum</span> <span class='ocrx_word' id='word_1_56' title='bbox 507 1077 643 1166; x_wconf 83' lang='lat' dir='ltr'>statuit,</span> <span class='ocrx_word' id='word_1_57' title='bbox 652 1079 690 1153; x_wconf 88' lang='lat' dir='ltr'>in</span> <span class='ocrx_word' id='word_1_58' title='bbox 704 1102 778 1179; x_wconf 90' lang='lat' dir='ltr'>quo</span> <span class='ocrx_word' id='word_1_59' title='bbox 790 1078 982 1153; x_wconf 87' lang='lat' dir='ltr'>exordium</span> 
     </span>
     <span class='ocr_line' id='line_1_11' title="bbox 128 1174 982 1277; baseline -0.002 -25"><span class='ocrx_word' id='word_1_60' title='bbox 128 1178 312 1277; x_wconf 81' lang='lat' dir='ltr'>finemque</span> <span class='ocrx_word' id='word_1_61' title='bbox 336 1176 497 1253; x_wconf 82' lang='lat' dir='ltr'>calculus</span> <span class='ocrx_word' id='word_1_62' title='bbox 524 1176 784 1254; x_wconf 74' lang='lat' dir='ltr'>astronomicus</span> <span class='ocrx_word' id='word_1_63' title='bbox 811 1174 982 1251; x_wconf 83' lang='lat' dir='ltr'>nancisci·</span> 
     </span>
     <span class='ocr_line' id='line_1_12' title="bbox 127 1276 980 1376; baseline -0.001 -24"><span class='ocrx_word' id='word_1_64' title='bbox 127 1297 200 1352; x_wconf 90' lang='lat' dir='ltr'>tur.</span> <span class='ocrx_word' id='word_1_65' title='bbox 250 1277 307 1351; x_wconf 87' lang='lat' dir='ltr'>Ad</span> <span class='ocrx_word' id='word_1_66' title='bbox 321 1276 422 1350; x_wconf 84' lang='lat' dir='ltr'>hunc</span> <span class='ocrx_word' id='word_1_67' title='bbox 435 1279 532 1351; x_wconf 88' lang='lat' dir='ltr'>enim</span> <span class='ocrx_word' id='word_1_68' title='bbox 550 1277 790 1367; x_wconf 76' lang='lat' dir='ltr'>Meridianum</span> <span class='ocrx_word' id='word_1_69' title='bbox 805 1295 980 1376; x_wconf 83' lang='lat' dir='ltr'>tanquam</span> 
     </span>
     <span class='ocr_line' id='line_1_13' title="bbox 84 1373 981 1479; baseline -0.002 -26"><span class='ocrx_word' id='word_1_70' title='bbox 84 1466 89 1475; x_wconf 20' lang='lat' dir='ltr'><em>q</em></span> <span class='ocrx_word' id='word_1_71' title='bbox 125 1377 173 1453; x_wconf 79' lang='lat' dir='ltr'>ad</span> <span class='ocrx_word' id='word_1_72' title='bbox 191 1394 339 1472; x_wconf 89' lang='lat' dir='ltr'>portum</span> <span class='ocrx_word' id='word_1_73' title='bbox 355 1376 494 1475; x_wconf 83' lang='lat' dir='ltr'>ubique</span> <span class='ocrx_word' id='word_1_74' title='bbox 504 1373 670 1451; x_wconf 84' lang='lat' dir='ltr'>locorum</span> <span class='ocrx_word' id='word_1_75' title='bbox 686 1374 830 1479; x_wconf 79' lang='lat' dir='ltr'>singulis</span> <span class='ocrx_word' id='word_1_76' title='bbox 853 1376 981 1451; x_wconf 82' lang='lat' dir='ltr'>diebus</span> 
     </span>
     <span class='ocr_line' id='line_1_14' title="bbox 127 1472 981 1575; baseline -0.002 -25"><span class='ocrx_word' id='word_1_77' title='bbox 127 1473 257 1573; x_wconf 68' lang='lat' dir='ltr'>equali</span> <span class='ocrx_word' id='word_1_78' title='bbox 290 1475 355 1550; x_wconf 83' lang='lat' dir='ltr'>vix</span> <span class='ocrx_word' id='word_1_79' title='bbox 388 1498 462 1549; x_wconf 93' lang='lat' dir='ltr'>non</span> <span class='ocrx_word' id='word_1_80' title='bbox 493 1472 607 1575; x_wconf 92' lang='lat' dir='ltr'>spatio</span> <span class='ocrx_word' id='word_1_81' title='bbox 631 1497 760 1563; x_wconf 88' lang='lat' dir='ltr'>omnes</span> <span class='ocrx_word' id='word_1_82' title='bbox 784 1473 891 1548; x_wconf 85' lang='lat' dir='ltr'>stellae</span> <span class='ocrx_word' id='word_1_83' title='bbox 916 1498 981 1574; x_wconf 87' lang='lat' dir='ltr'>per</span> 
     </span>
     <span class='ocr_line' id='line_1_15' title="bbox 127 1571 980 1747; baseline -0.001 -97"><span class='ocrx_word' id='word_1_84' title='bbox 127 1576 264 1650; x_wconf 79' lang='lat' dir='ltr'>aethera</span> <span class='ocrx_word' id='word_1_85' title='bbox 295 1575 511 1674; x_wconf 80' lang='lat' dir='ltr'>navigantes</span> <span class='ocrx_word' id='word_1_86' title='bbox 550 1571 747 1673; x_wconf 85' lang='lat' dir='ltr'>adpellunt.</span> <span class='ocrx_word' id='word_1_87' title='bbox 809 1574 980 1747; x_wconf 54' lang='lat' dir='ltr'>Denialue</span> 
     </span>
     <span class='ocr_line' id='line_1_16' title="bbox 125 1673 985 1772; baseline -0.006 -24"><span class='ocrx_word' id='word_1_88' title='bbox 125 1694 273 1769; x_wconf 90' lang='lat' dir='ltr'>tempus</span> <span class='ocrx_word' id='word_1_89' title='bbox 287 1673 512 1772; x_wconf 87' lang='lat' dir='ltr'>periodicurn</span> <span class='ocrx_word' id='word_1_90' title='bbox 531 1673 642 1770; x_wconf 82' lang='lat' dir='ltr'>&#39;primi</span> <span class='ocrx_word' id='word_1_91' title='bbox 662 1693 787 1747; x_wconf 86' lang='lat' dir='ltr'>motus</span> <span class='ocrx_word' id='word_1_92' title='bbox 801 1674 906 1772; x_wconf 86' lang='lat' dir='ltr'>quoti</span> <span class='ocrx_word' id='word_1_93' title='bbox 933 1674 985 1749; x_wconf 71' lang='lat' dir='ltr'>&#39;a-</span> 
     </span>
     <span class='ocr_line' id='line_1_17' title="bbox 125 1771 980 1872; baseline 0 -25"><span class='ocrx_word' id='word_1_94' title='bbox 125 1798 173 1847; x_wconf 85' lang='lat' dir='ltr'>na</span> <span class='ocrx_word' id='word_1_95' title='bbox 189 1771 341 1846; x_wconf 76' lang='lat' dir='ltr'>fiderunt</span> <span class='ocrx_word' id='word_1_96' title='bbox 361 1774 527 1845; x_wconf 83' lang='lat' dir='ltr'>omniurn</span> <span class='ocrx_word' id='word_1_97' title='bbox 551 1773 647 1846; x_wconf 84' lang='lat' dir='ltr'>intra</span> <span class='ocrx_word' id='word_1_98' title='bbox 668 1773 799 1872; x_wconf 86' lang='lat' dir='ltr'>viginti</span> <span class='ocrx_word' id='word_1_99' title='bbox 819 1792 980 1870; x_wconf 85' lang='lat' dir='ltr'>quatuor</span> 
     </span>
     <span class='ocr_line' id='line_1_18' title="bbox 30 1868 981 1971; baseline -0.001 -25"><span class='ocrx_word' id='word_1_100' title='bbox 30 1904 33 1911; x_wconf 59' lang='lat'>¹</span> <span class='ocrx_word' id='word_1_101' title='bbox 96 1910 101 1927; x_wconf 86' lang='lat'><em>·</em></span> <span class='ocrx_word' id='word_1_102' title='bbox 125 1873 234 1946; x_wconf 85' lang='lat' dir='ltr'>horas</span> <span class='ocrx_word' id='word_1_103' title='bbox 253 1869 409 1969; x_wconf 81' lang='lat' dir='ltr'>aequales</span> <span class='ocrx_word' id='word_1_104' title='bbox 430 1870 667 1959; x_wconf 85' lang='lat' dir='ltr'>circuitione,</span> <span class='ocrx_word' id='word_1_105' title='bbox 699 1894 810 1971; x_wconf 87' lang='lat' dir='ltr'>quam</span> <span class='ocrx_word' id='word_1_106' title='bbox 836 1868 981 1946; x_wconf 80' lang='lat' dir='ltr'>revolu-</span> 
     </span>
     <span class='ocr_line' id='line_1_19' title="bbox 90 1967 976 2070; baseline 0.003 -29"><span class='ocrx_word' id='word_1_107' title='bbox 90 2030 93 2041; x_wconf 94' lang='lat'><em>.</em></span> <span class='ocrx_word' id='word_1_108' title='bbox 126 1973 259 2047; x_wconf 82' lang='lat' dir='ltr'>tionem</span> <span class='ocrx_word' id='word_1_109' title='bbox 295 1968 451 2058; x_wconf 90' lang='lat' dir='ltr'>dicunt,</span> <span class='ocrx_word' id='word_1_110' title='bbox 478 1967 756 2070; x_wconf 85' lang='lat' dir='ltr'>utplurimum</span> <span class='ocrx_word' id='word_1_111' title='bbox 782 1968 976 2058; x_wconf 84' lang='lat' dir='ltr'>desinitur,</span> 
     </span>
     <span class='ocr_line' id='line_1_20' title="bbox 124 2066 979 2168; baseline 0 -24"><span class='ocrx_word' id='word_1_112' title='bbox 124 2070 294 2168; x_wconf 85' lang='lat' dir='ltr'>quamvis</span> <span class='ocrx_word' id='word_1_113' title='bbox 320 2067 343 2140; x_wconf 81' lang='lat' dir='ltr'>fi</span> <span class='ocrx_word' id='word_1_114' title='bbox 368 2091 484 2143; x_wconf 90' lang='lat' dir='ltr'>unum</span> <span class='ocrx_word' id='word_1_115' title='bbox 499 2066 705 2144; x_wconf 86' lang='lat' dir='ltr'>alterumve</span> <span class='ocrx_word' id='word_1_116' title='bbox 720 2066 779 2142; x_wconf 88' lang='lat' dir='ltr'>seu</span> <span class='ocrx_word' id='word_1_117' title='bbox 798 2067 979 2153; x_wconf 79' lang='lat' dir='ltr'>circulum</span> 
     </span>
     <span class='ocr_line' id='line_1_21' title="bbox 123 2158 979 2285; baseline -0.005 -40"><span class='ocrx_word' id='word_1_118' title='bbox 123 2172 186 2261; x_wconf 75' lang='lat' dir='ltr'>seu</span> <span class='ocrx_word' id='word_1_119' title='bbox 202 2169 294 2246; x_wconf 83' lang='lat' dir='ltr'>fidus</span> <span class='ocrx_word' id='word_1_120' title='bbox 306 2166 550 2265; x_wconf 85' lang='lat' dir='ltr'>respiciamus,</span> <span class='ocrx_word' id='word_1_121' title='bbox 560 2191 627 2267; x_wconf 92' lang='lat' dir='ltr'>pro</span> <span class='ocrx_word' id='word_1_122' title='bbox 640 2167 781 2285; x_wconf 85' lang='lat' dir='ltr'>sphaerat</span> <span class='ocrx_word' id='word_1_123' title='bbox 794 2158 979 2268; x_wconf 78' lang='lat' dir='ltr'>diversita-</span> 
     </span>
     <span class='ocr_line' id='line_1_22' title="bbox 120 2265 976 2366; baseline -0.001 -23"><span class='ocrx_word' id='word_1_124' title='bbox 120 2289 163 2345; x_wconf 82' lang='lat' dir='ltr'>te</span> <span class='ocrx_word' id='word_1_125' title='bbox 183 2265 342 2366; x_wconf 75' lang='lat' dir='ltr'>aliquam</span> <span class='ocrx_word' id='word_1_126' title='bbox 365 2290 513 2365; x_wconf 88' lang='lat' dir='ltr'>quoque</span> <span class='ocrx_word' id='word_1_127' title='bbox 538 2266 779 2345; x_wconf 77' lang='lat' dir='ltr'>variationem</span> <span class='ocrx_word' id='word_1_128' title='bbox 805 2268 976 2364; x_wconf 86' lang='lat' dir='ltr'>patiatur.</span> 
     </span>
     <span class='ocr_line' id='line_1_23' title="bbox 122 2365 977 2477; baseline -0.002 -35"><span class='ocrx_word' id='word_1_129' title='bbox 122 2368 203 2477; x_wconf 85' lang='lat' dir='ltr'>Jatn</span> <span class='ocrx_word' id='word_1_130' title='bbox 223 2388 321 2441; x_wconf 89' lang='lat' dir='ltr'>-vero</span> <span class='ocrx_word' id='word_1_131' title='bbox 346 2365 383 2441; x_wconf 91' lang='lat' dir='ltr'>in</span> <span class='ocrx_word' id='word_1_132' title='bbox 410 2366 481 2443; x_wconf 87' lang='lat' dir='ltr'>sole</span> <span class='ocrx_word' id='word_1_133' title='bbox 508 2366 657 2440; x_wconf 85' lang='lat' dir='ltr'>fiderum</span> <span class='ocrx_word' id='word_1_134' title='bbox 674 2365 836 2465; x_wconf 85' lang='lat' dir='ltr'>principe</span> <span class='ocrx_word' id='word_1_135' title='bbox 852 2386 977 2440; x_wconf 82' lang='lat' dir='ltr'>motus</span> 
     </span>
     <span class='ocr_line' id='line_1_24' title="bbox 122 2462 976 2567; baseline 0.001 -29"><span class='ocrx_word' id='word_1_136' title='bbox 122 2465 279 2567; x_wconf 88' lang='lat' dir='ltr'>primus,</span> <span class='ocrx_word' id='word_1_137' title='bbox 304 2464 327 2538; x_wconf 80' lang='lat' dir='ltr'>fi</span> <span class='ocrx_word' id='word_1_138' title='bbox 350 2467 396 2539; x_wconf 87' lang='lat' dir='ltr'>ad</span> <span class='ocrx_word' id='word_1_139' title='bbox 421 2466 648 2541; x_wconf 69' lang='lat' dir='ltr'>horizontem</span> <span class='ocrx_word' id='word_1_140' title='bbox 672 2462 862 2549; x_wconf 88' lang='lat' dir='ltr'>reseratur,</span> <span class='ocrx_word' id='word_1_141' title='bbox 878 2464 976 2540; x_wconf 90' lang='lat' dir='ltr'>diern</span> 
     </span>
     <span class='ocr_line' id='line_1_25' title="bbox 122 2561 977 2663; baseline 0 -26"><span class='ocrx_word' id='word_1_142' title='bbox 122 2568 258 2663; x_wconf 80' lang='lat' dir='ltr'>(quent</span> <span class='ocrx_word' id='word_1_143' title='bbox 273 2563 495 2641; x_wconf 82' lang='lat' dir='ltr'>artificialem</span> <span class='ocrx_word' id='word_1_144' title='bbox 510 2581 656 2648; x_wconf 87' lang='lat' dir='ltr'>vocant,</span> <span class='ocrx_word' id='word_1_145' title='bbox 666 2581 798 2662; x_wconf 87' lang='lat' dir='ltr'>utpote</span> <span class='ocrx_word' id='word_1_146' title='bbox 815 2561 977 2653; x_wconf 78' lang='lat' dir='ltr'>artificiis</span> 
     </span>
     <span class='ocr_line' id='line_1_26' title="bbox 123 2660 974 2767; baseline -0.001 -29"><span class='ocrx_word' id='word_1_147' title='bbox 123 2666 334 2741; x_wconf 84' lang='lat' dir='ltr'>exercendis</span> <span class='ocrx_word' id='word_1_148' title='bbox 349 2683 589 2767; x_wconf 85' lang='lat' dir='ltr'>opportunam</span> <span class='ocrx_word' id='word_1_149' title='bbox 600 2661 616 2754; x_wconf 91' lang='lat'><em>)</em></span> <span class='ocrx_word' id='word_1_150' title='bbox 627 2660 840 2737; x_wconf 86' lang='lat' dir='ltr'>mortalibus</span> <span class='ocrx_word' id='word_1_151' title='bbox 855 2660 974 2753; x_wconf 84' lang='lat' dir='ltr'>affert,</span> 
     </span>
     <span class='ocr_line' id='line_1_27' title="bbox 125 2757 973 2863; baseline 0.002 -27"><span class='ocrx_word' id='word_1_152' title='bbox 125 2765 271 2863; x_wconf 83' lang='lat' dir='ltr'>quando</span> <span class='ocrx_word' id='word_1_153' title='bbox 289 2764 389 2861; x_wconf 81' lang='lat' dir='ltr'>supra</span> <span class='ocrx_word' id='word_1_154' title='bbox 406 2760 561 2839; x_wconf 85' lang='lat' dir='ltr'>eundem</span> <span class='ocrx_word' id='word_1_155' title='bbox 586 2757 786 2848; x_wconf 64' lang='lat' dir='ltr'>eludatur3</span> <span class='ocrx_word' id='word_1_156' title='bbox 813 2757 973 2851; x_wconf 73' lang='lat' dir='ltr'>noiletu,</span> 
     </span>
     <span class='ocr_line' id='line_1_28' title="bbox 148 2855 972 2938; baseline -0.004 -1"><span class='ocrx_word' id='word_1_157' title='bbox 148 2864 270 2938; x_wconf 84' lang='lat' dir='ltr'>nando</span> <span class='ocrx_word' id='word_1_158' title='bbox 294 2860 386 2936; x_wconf 83' lang='lat' dir='ltr'>infra</span> <span class='ocrx_word' id='word_1_159' title='bbox 412 2855 517 2933; x_wconf 91' lang='lat' dir='ltr'>illum</span> <span class='ocrx_word' id='word_1_160' title='bbox 540 2857 742 2934; x_wconf 73' lang='lat' dir='ltr'>descendite</span> <span class='ocrx_word' id='word_1_161' title='bbox 768 2857 790 2930; x_wconf 90' lang='lat' dir='ltr'>s1</span> <span class='ocrx_word' id='word_1_162' title='bbox 817 2884 908 2936; x_wconf 86' lang='lat' dir='ltr'>vero</span> <span class='ocrx_word' id='word_1_163' title='bbox 928 2860 972 2936; x_wconf 85' lang='lat' dir='ltr'>ad</span> 
     </span>
     <span class='ocr_line' id='line_1_29' title="bbox 94 2957 971 3047; baseline 0 -11"><span class='ocrx_word' id='word_1_164' title='bbox 94 3021 97 3025; x_wconf 64' lang='lat'>,</span> <span class='ocrx_word' id='word_1_165' title='bbox 169 2962 387 3043; x_wconf 84' lang='lat' dir='ltr'>eridianum,</span> <span class='ocrx_word' id='word_1_166' title='bbox 412 2957 509 3033; x_wconf 90' lang='lat' dir='ltr'>diem</span> <span class='ocrx_word' id='word_1_167' title='bbox 535 2957 721 3037; x_wconf 86' lang='lat' dir='ltr'>constituit</span> <span class='ocrx_word' id='word_1_168' title='bbox 745 2957 971 3047; x_wconf 83' lang='lat' dir='ltr'>naturalem,</span> 
     </span>
     <span class='ocr_line' id='line_1_30' title="bbox 120 3053 971 3153; baseline 0.001 -21"><span class='ocrx_word' id='word_1_169' title='bbox 120 3062 230 3135; x_wconf 84' lang='lat' dir='ltr'>unica</span> <span class='ocrx_word' id='word_1_170' title='bbox 246 3056 407 3153; x_wconf 87' lang='lat' dir='ltr'>corporis</span> <span class='ocrx_word' id='word_1_171' title='bbox 434 3053 554 3135; x_wconf 88' lang='lat' dir='ltr'>solaris</span> <span class='ocrx_word' id='word_1_172' title='bbox 578 3056 792 3132; x_wconf 88' lang='lat' dir='ltr'>circuitione</span> <span class='ocrx_word' id='word_1_173' title='bbox 817 3059 855 3134; x_wconf 92' lang='lat' dir='ltr'>in</span> <span class='ocrx_word' id='word_1_174' title='bbox 882 3061 971 3135; x_wconf 83' lang='lat' dir='ltr'>duas</span> 
     </span>
     <span class='ocr_line' id='line_1_31' title="bbox 120 3153 970 3264; baseline -0.002 -29"><span class='ocrx_word' id='word_1_175' title='bbox 120 3158 239 3253; x_wconf 67' lang='lat' dir='ltr'>peiuri</span> <span class='ocrx_word' id='word_1_176' title='bbox 252 3156 439 3264; x_wconf 80' lang='lat' dir='ltr'>portiones</span> <span class='ocrx_word' id='word_1_177' title='bbox 459 3177 579 3262; x_wconf 81' lang='lat' dir='ltr'>aquas</span> <span class='ocrx_word' id='word_1_178' title='bbox 595 3153 813 3263; x_wconf 71' lang='lat' dir='ltr'>distintlum,</span> <span class='ocrx_word' id='word_1_179' title='bbox 827 3181 902 3237; x_wconf 90' lang='lat' dir='ltr'>non</span> <span class='ocrx_word' id='word_1_180' title='bbox 919 3161 970 3234; x_wconf 88' lang='lat' dir='ltr'>ita</span> 
     </span>
     <span class='ocr_line' id='line_1_32' title="bbox 268 3276 969 3335; baseline -0.009 -8"><span class='ocrx_word' id='word_1_181' title='bbox 268 3317 270 3327; x_wconf 94' lang='lat'>.</span> <span class='ocrx_word' id='word_1_182' title='bbox 917 3276 969 3335; x_wconf 58' lang='lat' dir='ltr'>tp.</span> 
     </span>
    </p>
   </div>
   <div class='ocr_carea' id='block_1_3' title="bbox 0 0 1048 3682">
    <p class='ocr_par' dir='ltr' id='par_1_3' title="bbox 0 0 1048 3682">
     <span class='ocr_line' id='line_1_33' title="bbox 0 0 1048 3682; baseline 0 3"><span class='ocrx_word' id='word_1_183' title='bbox 0 0 1048 3682; x_wconf 95' lang='lat' dir='ltr'> </span> 
     </span>
    </p>
   </div>
  </div>
 </body>
</html>
