2086 3682
9 130 56 229 ’ῃ
105 100 199 218 sm
421 116 548 240 Caput
581 115 715 226 ,JV-2·
826 156 828 161 ·
924 116 931 133 ”

62 344 79 369 ,ν
101 291 265 366 Ubinam
297 306 389 363 vero
424 281 466 375 iit
487 286 548 362 ille
572 290 704 362 hortus
735 272 966 387 voluptatid,

104 383 310 491 gravissima
340 384 390 460 est
425 386 521 462 inter
555 388 588 461 S.
617 388 811 487 Scripturae
851 390 967 462 Inter·
1006 440 1008 447 .

104 508 228 591 pretes
245 484 468 586 disceptatio.
518 483 675 582 Reiediis
698 485 774 573 aliis
793 488 868 561 duo
886 484 979 569 suut¹

104 585 352 664 verifimiliora
382 583 581 685 systemata.
656 584 781 658 Unum
814 583 969 661 douiffi-

101 687 162 760 mi.
181 683 309 760 Huetii
331 684 578 758 Abricensium
604 680 796 784 Episcopi,
829 685 890 777 (i)
923 709 969 762 ac

102 781 330 863 eruditiffimi
363 784 496 858 Peterii
537 785 571 877 S.
598 784 630 881 J.
670 783 764 879 (k)
803 784 866 882 qui
904 807 968 882 pa·

101 885 259 959 radisum
296 882 482 958 collocant
512 905 559 957 eo
592 879 767 967 in'loco‚
798 883 862 956 ubi
898 885 968 958 Eu·

97 985 253 1085 phrates
289 982 328 1058 δε
363 981 496 1080 Tygris
532 982 711 1055 inunum
742 978 878 1071 flumen
904 1007 966 1059 co.

102 1103 214 1170 eunt,
233 1081 545 1182 Mesopotamiam
569 1078 666 1154 inter
691 1080 730 1154 ὅ(
752 1079 965 1156 Chaldaeam

100 1205 177 1257 noo
202 1176 332 1281 procul
362 1205 383 1253 a
409 1181 496 1253 Sinu
523 1178 681 1264 Perfico,
708 1180 745 1250 in
771 1202 884 1277 quem
903 1183 968 1256 Ti·

50 1344 54 1355 f
88 1280 177 1380 -gris
209 1276 305 1354 fauo
330 1298 508 1376 aquarum
533 1277 695 1351 diuortio
729 1275 792 1350 sub
816 1281 967 1357 nomine

100 1377 232 1455 Phison
262 1377 301 1451 δι
325 1376 463 1450 Gehon
491 1374 715 1468 seeffundit.
794 1376 965 1456 Alterum

45 1474 47 1478 ’
101 1477 155 1554 est
179 1476 345 1552 aliorum·
359 1498 445 1548 cum
468 1473 671 1574 Augustino
698 1475 872 1565 Calmet,
899 1481 965 1554 Viss

100 1600 144 1652 ro
176 1576 298 1650 editis·
320 1575 358 1647 in
393 1575 427 1648 S.
471 1576 696 1675 Scripturam
737 1582 997 1663 commenta·.

45 1663 56 1742 f
100 1676 164 1751 riis
212 1674 411 1748 admodum
446 1671 580 1762 claro,
619 1676 682 1773 qui
723 1676 871 1775 paradis
910 1677 964 1753 lo·

101 1797 188 1848 cum
221 1770 440 1873 adfignant‚
486 1775 550 1847 ubi
587 1792 746 1872 quatuor
782 1798 1001 1853 memora-1«

101 1868 438 1953 torumfluminum
465 1870 587 1947 fontes
611 1871 672 1945 seu
697 1873 818 1970 capita
843 1874 989 1951 sedem.

56 1986 60 1993 '
103 1971 204 2047 suam
228 1969 414 2067 fixerunt,
452 1971 586 2045 scilicet
611 1970 749 2066 majore
772 1973 810 2047 in
834 1979 965 2051 Arme·

100 2072 181 2159 nia,
207 2095 318 2171 quam
343 2072 453 2147 hodie
477 2072 788 2167 Turcomanuiam
813 2074 971 2163 dicunt,·

102 2173 141 2245 in
165 2194 298 2270 campo
323 2172 510 2246 montibus
534 2175 663 2261 Ararat
685 2174 821 2249 vicino.
869 2173 963 2248 Illud

101 2274 236 2346 certius
263 2269 333 2346 esse
357 2270 529 2352 videtur,
555 2268 759 2341 Paradisum
795 2271 817 2343 fi
840 2273 888 2346 de
911 2273 963 2348 lo'·

101 2393 147 2445 co
164 2372 282 2445 uobis.
300 2368 341 2452 fit
367 2367 481 2455 sermo
493 2412 507 2452 ,
521 2365 642 2439 adhuc
668 2365 828 2452 exstar03
858 2371 881 2443 s1
901 2398 963 2448 ve.

99 2493 143 2545 ro
173 2470 223 2567 ‚de
244 2464 361 2542 forma
390 2464 429 2538 &
460 2484 594 2538 ornatu
627 2465 855 2556 adventitio,
893 2474 962 2571 pri.

100 2589 244 2666 maeque,
268 2565 486 2637 innocentia
511 2583 661 2664 parato,
687 2566 843 2667 amplius
862 2568 963 2647 haud

74 2664 171 2758 *esse
198 2661 441 2761 superstitem,
467 2663 526 2738 sed
551 2662 612 2739 vel
638 2665 803 2757 diluvio,
827 2668 889 2743 vel
909 2671 961 2745 al·
998 2726 1007 2763 .-

101 2768 195 2843 tiora
219 2763 259 2836 vi
282 2781 357 2835 tam
383 2765 481 2860 noxii
509 2763 648 2839 sceleris
677 2767 715 2839 in
747 2790 792 2840 eo
826 2770 961 2866 patrati
995 2780 1001 2797 '

99 2861 247 2940 vindice
285 2859 451 2939 funditus
484 2860 650 2938 eversum
680 2861 793 2941 fuisse.
859 2860 962 2966 ‘Jam

51 2996 64 3044 ·.
98 2981 191 3047 aero
217 2958 242 3035 fi
264 2959 389 3036 locum
412 2963 658 3062 inquiramus,
685 2986 761 3062 quo
786 2964 970 3067 Protopa·'
1002 3014 1008 3093 ,ὦ

185 3130 253 3250 (iJ
280 3163 449 3254 Differam.
462 3166 498 3233 da
508 3165 646 3256 paradis.
656 3168 774 3257 terrm.
783 3086 960 3255 studente⁸
1006 3128 1008 3189 ἶ

72 3262 76 3268 ·
123 3265 130 3281 ··
181 3261 246 3344 (k)
278 3260 556 3352 ammonas.
646 3282 650 3291 1
805 3292 810 3302 ·
