2086 3682
388 233 390 239 ,
443 138 592 264 Dinia.
612 204 619 241 -,
876 165 955 255 171
1001 176 1020 215 ν

112 299 209 379 rebri
240 318 361 402 partes
384 300 513 377 leniter
536 296 734 375 bonitate.
792 301 959 397 Nimium

112 421 241 479 contra
271 398 434 475 somnum
457 396 669 501 prohibent,
701 421 778 496 quo
801 401 959 479 eundern

114 498 335 601 sanguinem¹
364 498 505 600 spissum
548 518 731 601 caputque
778 495 962 597 stupidum

109 600 214 675 reddi
237 597 393 683 censent.
442 596 604 672 Alteram
626 598 725 672 viam
753 597 799 668 ad
822 598 960 696 [angui

80 718 197 773 ‘nem
234 697 274 795 in
294 694 382 793 flore
409 694 471 788 suo
494 693 782 772 conservandum
807 720 872 795 per
899 696 960 781 de,

112 796 444 896 centemfleorpntis
476 813 621 870 motum
647 794 800 871 obtineri
828 795 961 872 debere

109 894 347 971 contendunt.
399 896 634 994 Qrapropter
655 894 962 993 statuuntpritno,

109 992 174 1068 sub
189 994 265 1093 ipso
282 994 479 1093 studiorum
509 1013 666 1079 conatu,
691 992 713 1066 st
736 995 872 1067 diutius
895 995 963 1067 du·
987 1050 990 1056 .

107 1110 188 1178 ret,
218 1117 286 1167 nec
318 1093 455 1193 semper
485 1091 703 1180 sedendum,
730 1115 800 1167 nec
824 1090 962 1193 semper

106 1192 261 1291 pedibus
281 1191 509 1267 insistendum
528 1190 615 1278 effe,
643 1189 701 1266 sed
728 1189 788 1266 vel
812 1189 960 1269 alternis

59 1331 63 1337 ·
107 1290 253 1387 vicibus
276 1290 439 1366 laborem
461 1289 735 1392 istum-partiti,
767 1290 824 1363 vel
841 1292 959 1365 brevi
1014 1310 1017 1316 ⁴

87 1391 270 1488 quadarn
296 1390 614 1478 deambulatione,
640 1409 705 1465 aut
733 1387 804 1464 aiia
830 1409 961 1487 corpo·

106 1493 157 1563 ris
182 1491 380 1588 agitatione
412 1490 625 1597 interrumpi
659 1509 850 1587 oportere,
877 1508 959 1562 turn

106 1609 155 1662 ne
180 1588 276 1663 fibrae
299 1591 427 1690 capitis
452 1588 855 1675 nimiumtendantur,
877 1607 959 1663 tum
1007 1674 1011 1680 ,

106 1708 157 1760 ne
178 1687 315 1787 reliqua
337 1688 499 1789 corporis
530 1686 704 1771 merribra·
719 1684 957 1786 torpescant:
1007 1692 1009 1699 ⁴

107 1786 192 1858 dein
221 1788 329 1860 certis
364 1810 430 1885 per
459 1787 618 1862 mensem
653 1785 780 1862 diebus
819 1786 960 1859 diutur-

104 1881 214 1964 niori,
240 1884 436 1953 moderatae
461 1904 597 1967 tamen,
613 1908 676 1957 cor
702 1884 958 1967 orisrnorioni,

103 1978 168 2055 seu
188 1977 340 2076 pedibus
367 1975 427 2050 seu
452 1999 551 2075 equo
579 1980 639 2067 itu
661 1911 774 2053 riieda
799 1978 885 2066 fiat,
907 1980 959 2055 οὒ

104 2076 141 2155 se
167 2075 429 2176 indulgendum
456 2072 614 2162 censent,
638 2097 752 2173 quum
779 2075 959 2171 ejusmodi

104 2177 224 2252 motio
250 2176 288 2251 ἃ
315 2177 360 2251 ad
377 2173 570 2276 corporis,
604 2173 643 2248 &
673 2174 720 2250 ad
751 2177 882 2252 mentis
910 2174 959 2253 sa·

103 2276 261 2351 nitatem
285 2274 495 2376 plurimum·
514 2271 709 2359 conferat3
741 2274 850 2373 hujus
882 2276 959 2373 qui,

105 2375 213 2462 dem,
240 2374 413 2475 quoniam
437 2372 579 2461 animus
603 2371 845 2459 exhilaratur,
870 2370 959 2449 sere.

104 2492 216 2549 natur
240 2495 363 2574 caput,
388 2474 427 2548 bt
452 2470 646 2548 facultates
668 2472 792 2550 animae
817 2472 961 2575 axietiis

106 2574 392 2673 cogitationibus
442 2571 612 2669 tantiiper
657 2592 808 2661 remotae
828 2661 832 2669 .
852 2592 959 2671 grata

104 2676 230 2771 quiete
247 2691 478 2748 recreantur:
503 2670 597 2745 iilius
612 2671 843 2756 autem,dum
859 2671 959 2766 aper·

105 2774 154 2847 tis
178 2794 243 2871 per
266 2773 467 2845 motionem
492 2771 587 2847 hanc
612 2773 711 2869 poris
733 2769 854 2842 minus
879 2767 963 2865 puri

101 2891 259 2967 vapores
283 2867 377 2943 foras
400 2874 610 2953 mittuntur,
633 2867 815 2967 sanguinis
832 2863 960 2945 circui·¹

54 3022 56 3027 -
106 2987 168 3043 tua
202 2988 467 3067 promovetur,
505 2970 542 3042 δι
577 2966 751 3043 stomachi
786 2963 892 3055 fibrae
919 2986 964 3057 ae

64 3158 74 3169 ·
105 3065 350 3141 mustulorurn
386 3068 552 3143 tendines
595 3065 700 3142 velut
732 3066 768 3138 in
794 3063 961 3139 ordinem

103 3164 291 3269 pristinum
317 3165 545 3266 rediguntur.
613 3168 665 3243 Ut
684 3184 811 3261 ‚autern
834 3186 883 3243 eo
903 3160 963 3340 ¹‘sa-2

180 3316 185 3323 .
630 3283 633 3289 '
918 3284 960 3339 u·
