2086 3682
289 144 516 243 Oeconomr'a
533 68 747 238 mirina.
896 178 953 271 43

106 311 233 413 quiin
256 313 327 389 hac
350 310 862 411 corporishumanimachina
875 334 959 394 tum

106 414 308 491 exteriores
333 431 412 493 tum
438 411 631 488 interiores
660 411 739 504 ejus
761 408 959 494 facultates

97 516 341 619 motionesque
362 518 609 595 moderantur.
661 517 788 595 Altera
804 519 856 595 est
881 522 958 622 ν’γι-

76 685 83 701 .
108 632 204 733 fleti,
236 638 340 733 cujus
365 630 528 713 officium
547 632 606 707 est
621 633 818 710 sanitatem
848 643 958 715 tuen'.

106 748 400 823 Pendet'autem
434 740 594 815 sanitatis
610 739 782 817 'custodia
817 768 839 821 e
871 770 959 859 qua.

104 864 194 923 tuot
218 840 439 943 potiffimum
466 841 659 940 generibus
696 864 845 929 rerum,
870 845 960 919 icili-

87 940 167 1021 ¹cet
191 963 235 1018 ut
249 942 383 1017 Medici
407 941 622 1038 loquuntur,
633 940 959 1031 admonendarum,

102 1046 403 1129 edu-centetum,
435 1037 711 1127 faciendarum,
747 1040 786 1115 &
821 1042 958 1119 aforis

97 1146 354 1221 incidentium.
434 1138 763 1213 Admonendorum
807 1144 959 1219 nomine

99 1246 259 1321 'veniunt
284 1240 398 1325 cibus,
424 1256 549 1338 potus,
572 1236 611 1311 &
636 1234 658 1309 fi
683 1238 774 1335 quid
797 1242 959 1315 medica.

101 1336 313 1417 mentorum
338 1337 509 1422 sumitur,
536 1338 623 1434 quin
650 1335 687 1410 δι
711 1362 771 1411 aer
797 1340 957 1416 haustus.

102 1442 278 1517 Facienda
304 1434 597 1536 complefiuntur
614 1432 826 1511 'irmionem
838 1487 850 1526 ,
883 1462 956 1513 nm·

103 1539 329 1621 bulationem
344 1584 358 1625 ,
394 1532 599 1611 tremonem
614 1580 627 1622 ,
664 1536 956 1633 equitationem,

100 1662 326 1739 omnemque
342 1634 449 1710 aliam
464 1634 627 1735 corporis
641 1636 958 1712 exercitationem:

98 1738 165 1815 sub
190 1740 264 1815 hoc
289 1758 423 1839 genere
454 1736 689 1810 continentur
722 1736 835 1809 etiam
865 1736 959 1811 som.

99 1861 198 1924 nus,
223 1840 371 1937 vigilia,
397 1836 506 1907 animi
532 1830 741 1909 affefflones
766 1834 803 1909 ἃ
828 1838 957 1936 pathe·

98 1942 218 2013 mate·
266 1932 365 2006 Poris
389 1932 556 2003 incidunt
581 1954 660 2015 aer,
692 1932 755 2029 qui
791 1956 859 2007 nos
888 1935 954 2007 cir·

99 2036 275 2119 eumdat,
302 2038 519 2129 unguenta,
550 2026 708 2101 lavacra.
782 2030 841 2101 Ad
866 2034 957 2104 edu.

97 2136 302 2211 cendorum
329 2125 474 2203 classem·
496 2127 710 2227 pertinent,
742 2148 822 2223 quae
844 2128 881 2201 in
905 2128 957 2203 ai·

97 2258 170 2323 vo,
195 2234 335 2327 jecore,
358 2228 472 2313 liene,
497 2228 601 2299 venis
621 2224 660 2297 ἃ
686 2226 850 2311 arteriis,
873 2226 956 2303 reii-

153 2334 256 2431 isque
282 2327 446 2426 corporis
475 2324 639 2425 partibus
672 2344 847 2423 tanquam
881 2323 955 2401 sen.

100 2433 187 2507 trnis
204 2444 438 2505 excrementa
453 2423 687 2525 colliguntur.
733 2424 861 2501 Tertia
872 2448 957 2526 pars

101 2536 153 2615 est
183 2524 444 2633 Παθολογικῆε
476 2530 541 2607 ista
566 2554 726 2619 eorum,
759 2553 841 2631 quat
872 2534 956 2609 har.

97 2648 262 2725 moniam
289 2644 483 2716 solidarum
509 2634 766 2712 &fluidarum
794 2642 958 2740 corporis

98 2748 271 2851 partium,
286 2761 483 2837 motusque
510 2733 641 2812 vitales
665 2738 816 2811 turbant
840 2762 883 2813 ac
898 2737 955 2813 lae·

100 2854 196 2925 dunt
224 2842 359 2935 (unde
381 2837 499 2912 morbi
525 2836 644 2909 omnis
673 2836 816 2936 generis
842 2836 960 2936 pullu·

98 2946 178 3024 lant
195 2936 470 3041 >multiplices
489 2930 653 3020 cauffas,
678 2930 888 3010 affetiiones
914 2958 959 3011 ac

99 3046 345 3147 symptomata
370 3034 507 3111 solicite
532 3034 684 3148 indagat
717 3050 830 3133 atque
862 3036 959 3117 iem.

98 3164 212 3225 tatur.
262 3141 349 3236 Qua
373 3137 412 3213 in
436 3156 478 3211 re
499 3154 658 3211 maxime
682 3128 795 3233 poita
816 3130 868 3211 est
884 3136 963 3309 zie:

916 3256 964 3313 rer
