2086 3682
139 77 222 229 1⁸56
478 108 604 227 Caput
636 107 716 199 VI.

136 284 251 355 diaetae
276 273 476 359 methodus
490 323 502 360 ,
540 292 645 347 extra
670 270 760 367 {ines
785 268 1001 347 morborum

138 379 274 479 posita,
302 376 341 450 dt
377 373 457 473 quar
482 374 658 448 convenit
683 368 773 471 sanis
798 372 934 458 etiam,
960 392 1001 445 ut

129 476 172 552 'se
200 473 439 562 conservent,
473 471 535 548 vel
566 490 666 547 cette
691 492 774 563 ⁸nou
799 470 1000 545 admodum

131 569 244 665 ¹firma
270 573 422 648 sanitate
448 570 699 670 pollentibus,
737 585 782 643 ut
820 593 897 642 non
924 594 999 670 gra·

128 675 235 751 'viuri
260 671 295 747 se
320 670 531 747 discrimini
549 688 755 770 exponant,
790 666 829 743 ὅ(
861 665 999 769 longio-

15 833 18 842 .
127 764 195 849 'res
216 794 307 846 ¹cum
330 791 450 845 morte
476 771 640 845 inducias
662 767 902 871 paciscantur.
918 811 923 819 ·
939 768 996 841 Pa·

136 874 265 963 tentur
279 894 356 969 uno
375 868 470 967 duali
486 894 550 944 ore
565 869 711 952 Medici,
729 866 868 941 nullam
892 890 996 969 gene·

135 966 252 1047 talem
271 967 435 1069 regulam
460 972 556 1043 circa
571 968 816 1067 quantitatem
839 964 998 1041 alimenti

137 1067 239 1173 posse
265 1068 372 1165 statui
397 1087 478 1141 tum
510 1087 659 1167 propter
690 1067 828 1155 artatis,
863 1086 998 1166 tempe·

130 1166 310 1255 'iamenti
328 1165 365 1240 ἃ
391 1168 478 1245 ritae
503 1167 645 1267 generis
669 1165 903 1254 uarietatem,
921 1184 998 1239 tum

126 1262 289 1369 ‘propter
322 1260 429 1340 an'ni‘
457 1286 699 1368 temporum,
735 1260 773 1337 u
807 1265 998 1364 regionum

138 1363 396 1447 diveifitatem.
430 1382 432 1387 ·
468 1363 552 1440 Plus
585 1368 682 1441 enim
710 1362 878 1437 alimenti
908 1387 997 1464 opus

137 1462 189 1540 est
214 1465 312 1539 atati
336 1462 399 1548 illi,
426 1487 506 1563 quae
532 1466 694 1564 corporis
721 1463 759 1537 dt
785 1463 924 1538 virium
947 1464 996 1538 in·

129 1576 329 1651 fcremento
359 1563 410 1637 est
428 1562 622 1651 destinata,
647 1585 758 1664 quam
784 1584 867 1667 qupc
895 1562 933 1637 in
952 1562 993 1637 le

92 1712 94 1717 -
128 1658 242 1747 ¹nium
263 1665 416 1764 ,vergine
443 1662 526 1764 plus
552 1674 857 1764 temperamento,
874 1664 935 1737 cui
949 1662 995 1736 bi·

136 1761 207 1850 lis,
240 1766 351 1862 quam
384 1761 443 1835 cui
468 1761 609 1863 sanguis
635 1781 701 1837 aut
752 1761 858 1835 ituita
876 1760 995 1837 'domi-

138 1878 249 1957 natur
268 1887 294 1951 r,
320 1861 563 1947 nonninus.
587 1858 670 1960 plus
697 1785 793 1943 ulls,
826 1861 892 1961 qui
924 1885 995 1935 ma·

138 1980 256 2032 nuum
279 1955 424 2046 labore,
446 1958 628 2049 intuitio,
648 1958 807 2060 'opificio
838 1978 906 2035 aut
930 1956 994 2034 alia

69 2120 72 2127 ,
139 2076 219 2132 arte
259 2058 473 2133 mechanica
503 2061 621 2134 vitam
656 2059 881 2134 sustentant:
917 2057 993 2160 plus

139 2159 286 2254 hyeme,
316 2158 377 2230 ubi
393 2155 597 2232 stomachus
613 2156 754 2246 fortior,
772 2182 883 2257 quam
901 2157 995 2233 aesta·
1037 2154 1039 2225 l

140 2275 206 2344 te,
242 2282 314 2355 qua
350 2254 492 2356 spiritus
525 2281 610 2332 cum
644 2256 787 2349 sudore¹
808 2255 905 2332 foras
936 2259 995 2333 ab·
1034 2260 1039 2315 j

140 2373 259 2429 cunt:
283 2353 365 2453 plus
389 2356 427 2429 in
453 2354 590 2454 frigidis
604 2358 899 2457 Septentrionem
915 2380 993 2432 ver·

139 2452 225 2540 sus,
260 2477 374 2552 quam
402 2455 441 2527 in
467 2455 590 2531 calidis
615 2454 824 2555 regionibus
850 2457 897 2531 ad
921 2461 993 2531 Au·

123 2552 249 2626 'strum
271 2571 339 2643 ,ten
365 2552 520 2627 entibus.
588 2556 687 2631 Male
719 2574 843 2631 tamen
871 2557 916 2632 ad
942 2557 993 2630 in·

118 2652 295 2726 'veniend
396 2655 686 2735 moderationem
726 2656 768 2729 in
789 2653 992 2731 confilium

121 2748 290 2826 'vocatur
316 2750 455 2842 sensus,
486 2778 594 2854 quern
626 2751 770 2855 gustum
805 2752 865 2828 vel
888 2754 991 2855 appe·
1037 2772 1039 2787 ·

134 2849 246 2924 titum
279 2873 475 2941 vocamus,
508 2855 547 2929 ἃ
581 2855 702 2928 adhuc
734 2852 838 2951 peius
871 2854 990 2929 obedi·

118 2954 197 3024 'tur
236 2951 296 3038 ei,
341 2951 423 3052 plus
458 2977 567 3052 quam
604 2953 800 3047 debetur,
820 2954 989 3051 exigenti.

133 3048 372 3125 Ventriculus
405 3054 602 3152 equidem,
636 3051 828 3152 prasertim
864 3051 889 3125 st
924 3052 987 3127 fer·

134 3162 301 3226 mentum
335 3150 479 3226 acidum
504 3152 728 3254 praevaleat,
764 3151 883 3253 magis
920 3175 987 3226 ma·

386 3295 388 3298 >
922 3272 986 3353 grs-
