2086 3682
114 142 200 230 272
404 53 559 232 'Capul
606 111 683 204 Vr

113 281 214 352 hunc
240 286 382 352 moreni
408 274 536 352 recens
560 275 701 363 militia,
726 300 805 376 quae
830 278 966 381 conspi-

113 380 191 452 cuis
219 380 265 452 ad
287 378 449 459 eandem
479 376 635 452 formam
655 382 862 452 nominibus
892 379 965 457 fre·

112 495 388 576 quenternotat
409 475 505 550 valla
528 474 883 646 seu'proqugnacula
905 502 962 555 ur·

110 577 212 650 bium
233 577 485 664 munitarum,
521 597 601 674 quae
634 575 815 649 valorum
845 580 963 661 muni,-
993 622 997 627 -

110 677 231 750 tiones
265 674 486 773 respondent
513 673 673 747 turribus
697 676 961 773 Antiquarum.

106 776 205 850 Nam
228 771 398 873 utsupra
424 792 668 847 memoratum
690 773 768 861 est,
798 774 961 875 pulveris

105 875 199 974 pyrii
223 873 261 947 dc
280 873 538 949 machinarum
558 868 767 967 bellicarum
791 874 959 950 inventio

99 971 256 1081 (fatum
284 972 434 1046 urbibus
461 971 498 1045 δι
524 968 653 1045 incolis
679 971 882 1066 miserum)
912 975 958 1048 ad

105 1094 223 1146 novas
247 1070 435 1144 muniendi
462 1089 558 1143 artes
582 1073 842 1168 excogitandas
863 1072 958 1146 mili-

104 1192 182 1245 tare
203 1172 303 1244 acuit
329 1169 527 1267 ingenium.
586 1169 701 1268 Igitur
720 1168 957 1247 murislatius

102 1266 242 1343 struibis
267 1268 397 1341 densus
417 1289 438 1341 e
458 1287 555 1342 terra
576 1265 761 1368 suggestus
789 1269 850 1342 seu
871 1269 956 1353 ual-

103 1368 179 1441 lum
201 1364 381 1461 adjeblum
406 1367 489 1453 luit,
509 1368 609 1466 quod
626 1370 763 1463 moenia
783 1369 954 1445 adverlus

99 1466 370 1541 fulminantium
389 1468 640 1540 machinarum
658 1468 816 1564 impetus
836 1465 954 1541 firma·

97 1586 168 1653 ret,
213 1564 527 1662 sustentatetque:
561 1571 752 1662 quumque
781 1562 952 1662 frequens

84 1666 322 1762 experientia
344 1664 510 1751 doceret,
527 1682 645 1738 turres
659 1664 823 1753 etiamin
842 1666 952 1741 nrbes

96 1758 223 1838 dustas
243 1761 448 1863 relinquere
478 1759 629 1863 spatium
663 1761 845 1861 triangulo
873 1787 951 1841 non

94 1860 275 1949 abfimile‚
308 1863 408 1961 quod
446 1878 702 1960 oppugnantes
741 1859 949 1960 conspectui

93 1960 391 2063 oppugnatorum
406 1958 638 2047 subduceret,
648 1957 842 2058 ausamque
860 1985 947 2060 prae·

91 2063 195 2135 beret
220 2060 311 2149 illis,
345 2060 586 2143 toto‘conatu
606 2060 712 2133 bunc
737 2059 797 2131 fibi
822 2059 946 2134 locum

92 2161 324 2247 vendicandi,
348 2176 481 2258 utpote
500 2159 539 2234 in
563 2179 638 2258 quo
659 2158 706 2232 ab
725 2160 823 2231 omni
841 2159 946 2234 insul·

90 2274 135 2357 [tu
162 2261 342 2333 immunes
375 2258 520 2346 forent,
556 2257 758 2331 amandatis
785 2259 945 2335 turribus

90 2356 114 2432 s
130 2359 244 2433 atium
266 2360 338 2434 hoc
364 2378 463 2436 terra
491 2353 744 2454 repleverunt,
762 2379 945 2457 mutoque

90 2382 178 2533 {luti
200 2460 344 2532 munire
358 2472 552 2557 coeperunt
565 2450 706 2538 incole,
724 2455 776 2525 ita
799 2476 843 2528 ιιι
863 2479 944 2530 mu·

89 2557 121 2632 'ri
134 2554 243 2648 hujus
263 2554 374 2630 facies
390 2554 471 2626 due
492 2554 531 2624 in
551 2566 706 2624 acumen
730 2551 941 2644 definerent,

88 2654 337 2757 angulumque
352 2650 596 2746 obsidentibus
613 2651 825 2746 objicerent.
865 2656 941 2729 Ve-

87 2758 171 2849 'tum
191 2755 254 2828 ubi
280 2775 347 2827 nec
376 2746 440 2823 ista
461 2749 658 2824 methodus
686 2747 847 2825 sufficere
875 2777 941 2853 pn.

89 2870 187 2930 terat
211 2848 468 2927 adarcendam
488 2846 645 2923 lt'ostium
664 2850 763 2934 vim,
779 2848 941 2927 faciebus

71 2950 147 3033 ,his
167 2952 277 3029 etiam
290 2947 366 3022 'alae
380 2944 531 3022 fuerunt
544 2945 705 3042 adieclae,
728 2948 940 3050 bellicisque

86 3052 279 3126 tormentis
302 3042 501 3120 instrudlaea
534 3069 648 3144 atque
673 3049 724 3120 ita
747 3047 940 3125 obstetrice

89 3149 249 3252 ingenio,
260 3142 443 3222 ..industria
468 3144 508 3223 dt
532 3147 753 3251 experientia
777 3148 953 3320 ιιιίΙὶιῖιιῐ,ι

176 3290 187 3307 ι
562 3266 580 3307 .’
875 3271 937 3323 en·
